@ARTICLE{assef11,
   author = {{Assef}, R.~J. and {Denney}, K.~D. and {Kochanek}, C.~S. and
  {Peterson}, B.~M. and {Koz{\l}owski}, S. and {Ageorges}, N. and
  {Barrows}, R.~S. and {Buschkamp}, P. and {Dietrich}, M. and
  {Falco}, E. and {Feiz}, C. and {Gemperlein}, H. and {Germeroth}, A. and
  {Grier}, C.~J. and {Hofmann}, R. and {Juette}, M. and {Khan}, R. and
  {Kilic}, M. and {Knierim}, V. and {Laun}, W. and {Lederer}, R. and
  {Lehmitz}, M. and {Lenzen}, R. and {Mall}, U. and {Madsen}, K.~K. and
  {Mandel}, H. and {Martini}, P. and {Mathur}, S. and {Mogren}, K. and
  {Mueller}, P. and {Naranjo}, V. and {Pasquali}, A. and {Polsterer}, K. and
  {Pogge}, R.~W. and {Quirrenbach}, A. and {Seifert}, W. and {Stern}, D. and
  {Shappee}, B. and {Storz}, C. and {Van Saders}, J. and {Weiser}, P. and
  {Zhang}, D.},
    title = "{Black Hole Mass Estimates Based on C IV are Consistent with Those Based on the Balmer Lines}",
  journal = {\apj},
 keywords = {galaxies: active, gravitational lensing: strong, quasars: emission lines},
     year = 2011,
    month = dec,
   volume = 742,
    pages = {93},
  adsnote = {Provided by the SAO/NASA Astrophysics Data System}
}

@ARTICLE{baskin05,
   author = {{Baskin}, A. and {Laor}, A.},
    title = "{What controls the CIV line profile in active galactic nuclei?}",
  journal = {\mnras},
 keywords = {galaxies: active, quasars: emission lines, quasars: general, ultraviolet: galaxies},
     year = 2005,
    month = jan,
   volume = 356,
    pages = {1029-1044},
  adsnote = {Provided by the SAO/NASA Astrophysics Data System}
}

@ARTICLE{boroson92,
   author = {{Boroson}, T.~A. and {Green}, R.~F.},
    title = "{The emission-line properties of low-redshift quasi-stellar objects}",
  journal = {\apjs},
 keywords = {Emission Spectra, Line Spectra, Quasars, Seyfert Galaxies, Astronomical Spectroscopy, Computational Astrophysics, Principal Components Analysis, Red Shift, Sky Surveys (Astronomy)},
     year = 1992,
    month = may,
   volume = 80,
    pages = {109-135},
  adsnote = {Provided by the SAO/NASA Astrophysics Data System}
}

@ARTICLE{boyle98,
   author = {{Boyle}, B.~J. and {Terlevich}, R.~J.},
    title = "{The cosmological evolution of the QSO luminosity density and of the star formation rate}",
  journal = {\mnras},
 keywords = {Cosmology, Quasars, Luminous Intensity, Star Formation, Active Galaxies, Starburst Galaxies, Statistical Analysis, Red Shift},
     year = 1998,
    month = jan,
   volume = 293,
    pages = {L49-L51},
  adsnote = {Provided by the SAO/NASA Astrophysics Data System}
}

@ARTICLE{brandt05,
   author = {{Brandt}, W.~N. and {Hasinger}, G.},
    title = "{Deep Extragalactic X-Ray Surveys}",
  journal = {\araa},
     year = 2005,
    month = sep,
   volume = 43,
    pages = {827-859},
   adsurl = {http://adsabs.harvard.edu/abs/2005ARA%26A..43..827B},
  adsnote = {Provided by the SAO/NASA Astrophysics Data System}
}

@ARTICLE{brotherton15,
   author = {{Brotherton}, M.~S. and {Runnoe}, J.~C. and {Shang}, Z. and
  {DiPompeo}, M.~A.},
    title = "{Bias in C IV-based quasar black hole mass scaling relationships from reverberation mapped samples}",
  journal = {\mnras},
 keywords = {accretion, accretion discs, black hole physics, galaxies: active, quasars: emission lines, quasars: general, quasars: supermassive black holes},
     year = 2015,
    month = aug,
   volume = 451,
    pages = {1290-1298},
  adsnote = {Provided by the SAO/NASA Astrophysics Data System}
}

@ARTICLE{denney10,
   author = {{Denney}, K.~D. and {Peterson}, B.~M. and {Pogge}, R.~W. and 
  {Adair}, A. and {Atlee}, D.~W. and {Au-Yong}, K. and {Bentz}, M.~C. and 
  {Bird}, J.~C. and {Brokofsky}, D.~J. and {Chisholm}, E. and 
  {Comins}, M.~L. and {Dietrich}, M. and {Doroshenko}, V.~T. and 
  {Eastman}, J.~D. and {Efimov}, Y.~S. and {Ewald}, S. and {Ferbey}, S. and 
  {Gaskell}, C.~M. and {Hedrick}, C.~H. and {Jackson}, K. and 
  {Klimanov}, S.~A. and {Klimek}, E.~S. and {Kruse}, A.~K. and 
  {Lad{\'e}route}, A. and {Lamb}, J.~B. and {Leighly}, K. and 
  {Minezaki}, T. and {Nazarov}, S.~V. and {Onken}, C.~A. and {Petersen}, E.~A. and 
  {Peterson}, P. and {Poindexter}, S. and {Sakata}, Y. and {Schlesinger}, K.~J. and 
  {Sergeev}, S.~G. and {Skolski}, N. and {Stieglitz}, L. and {Tobin}, J.~J. and 
  {Unterborn}, C. and {Vestergaard}, M. and {Watkins}, A.~E. and 
  {Watson}, L.~C. and {Yoshii}, Y.},
    title = "{Reverberation Mapping Measurements of Black Hole Masses in Six Local Seyfert Galaxies}",
  journal = {\apj},
 keywords = {galaxies: active, galaxies: nuclei, galaxies: Seyfert},
     year = 2010,
    month = sep,
   volume = 721,
    pages = {715-737},
  adsnote = {Provided by the SAO/NASA Astrophysics Data System}
}

@ARTICLE{denney12,
   author = {{Denney}, K.~D.},
    title = "{Are Outflows Biasing Single-epoch C IV Black Hole Mass Estimates?}",
  journal = {\apj},
 keywords = {galaxies: active, galaxies: nuclei, line: profiles, quasars: emission lines},
     year = 2012,
    month = nov,
   volume = 759,
    pages = {44},
  adsnote = {Provided by the SAO/NASA Astrophysics Data System}
}

@ARTICLE{everett05,
   author = {{Everett}, J.~E.},
    title = "{Radiative Transfer and Acceleration in Magnetocentrifugal Winds}",
  journal = {\apj},
 keywords = {Galaxies: Active, Galaxies: Jets, Hydrodynamics, Magnetohydrodynamics: MHD, Galaxies: Quasars: General, Radiative Transfer},
     year = 2005,
    month = oct,
   volume = 631,
    pages = {689-706},
  adsnote = {Provided by the SAO/NASA Astrophysics Data System}
}

@ARTICLE{ferrarese00,
   author = {{Ferrarese}, L. and {Merritt}, D.},
    title = "{A Fundamental Relation between Supermassive Black Holes and Their Host Galaxies}",
  journal = {\apjl},
 keywords = {Black Hole Physics, Galaxies: Evolution, Galaxies: Kinematics and Dynamics},
     year = 2000,
    month = aug,
   volume = 539,
    pages = {L9-L12},
  adsnote = {Provided by the SAO/NASA Astrophysics Data System}
}

@ARTICLE{gallagher15,
   author = {{Gallagher}, S.~C. and {Everett}, J.~E. and {Abado}, M.~M. and
  {Keating}, S.~K.},
    title = "{Investigating the structure of the windy torus in quasars}",
  journal = {\mnras},
 keywords = {MHD, galaxies: active, quasars: general, galaxies: Seyfert, infrared: galaxies},
     year = 2015,
    month = aug,
   volume = 451,
    pages = {2991-3000},
  adsnote = {Provided by the SAO/NASA Astrophysics Data System}
}

@ARTICLE{gebhardt00,
   author = {{Gebhardt}, K. and {Bender}, R. and {Bower}, G. and {Dressler}, A. and
  {Faber}, S.~M. and {Filippenko}, A.~V. and {Green}, R. and {Grillmair}, C. and
  {Ho}, L.~C. and {Kormendy}, J. and {Lauer}, T.~R. and {Magorrian}, J. and
  {Pinkney}, J. and {Richstone}, D. and {Tremaine}, S.},
    title = "{A Relationship between Nuclear Black Hole Mass and Galaxy Velocity Dispersion}",
  journal = {\apjl},
 keywords = {Galaxies: General, Galaxies: Nuclei, Galaxies: Statistics},
     year = 2000,
    month = aug,
   volume = 539,
    pages = {L13-L16},
  adsnote = {Provided by the SAO/NASA Astrophysics Data System}
}


@ARTICLE{jarvis06,
   author = {{Jarvis}, M.~J. and {McLure}, R.~J.},
    title = "{Orientation dependency of broad-line widths in quasars and consequences for black hole mass estimation}",
  journal = {\mnras},
 keywords = {galaxies: active: galaxies: nuclei: quasars: emission lines: quasars: general: radio continuum: galaxies, galaxies: active, galaxies: nuclei, quasars: emission lines, quasars: general, radio continuum: galaxies},
     year = 2006,
    month = jun,
   volume = 369,
    pages = {182-188},
  adsnote = {Provided by the SAO/NASA Astrophysics Data System}
}

@ARTICLE{kaspi00,
   author = {{Kaspi}, S. and {Smith}, P.~S. and {Netzer}, H. and {Maoz}, D. and
  {Jannuzi}, B.~T. and {Giveon}, U.},
    title = "{Reverberation Measurements for 17 Quasars and the Size-Mass-Luminosity Relations in Active Galactic Nuclei}",
  journal = {\apj},
 keywords = {GALAXIES: ACTIVE, GALAXIES: QUASARS: EMISSION LINES, GALAXIES: QUASARS: GENERAL},
     year = 2000,
    month = apr,
   volume = 533,
    pages = {631-649},
  adsnote = {Provided by the SAO/NASA Astrophysics Data System}
}

@ARTICLE{kaspi07,
   author = {{Kaspi}, S. and {Brandt}, W.~N. and {Maoz}, D. and {Netzer}, H. and
  {Schneider}, D.~P. and {Shemmer}, O.},
    title = "{Reverberation Mapping of High-Luminosity Quasars: First Results}",
  journal = {\apj},
 keywords = {Galaxies: Active, Galaxies: Nuclei, Galaxies: Seyfert, Galaxies: Quasars: General},
     year = 2007,
    month = apr,
   volume = 659,
    pages = {997-1007},
  adsnote = {Provided by the SAO/NASA Astrophysics Data System}
}

@ARTICLE{king15,
   author = {{King}, A. and {Pounds}, K.},
    title = "{Powerful Outflows and Feedback from Active Galactic Nuclei}",
  journal = {\araa},
     year = 2015,
    month = aug,
   volume = 53,
    pages = {115-154},
  adsnote = {Provided by the SAO/NASA Astrophysics Data System}
}

@ARTICLE{konigl94,
   author = {{Konigl}, A. and {Kartje}, J.~F.},
    title = "{Disk-driven hydromagnetic winds as a key ingredient of active galactic nuclei unification schemes}",
  journal = {\apj},
 keywords = {Accretion Disks, Active Galactic Nuclei, Astronomical Models, Bl Lacertae Objects, Computerized Simulation, Jet Flow, Magnetohydrodynamic Flow, Quasars, Seyfert Galaxies, Stellar Winds, Cosmic Dust, Infrared Spectra, Photoionization, Radiative Transfer, Radio Emission, Ultraviolet Spectra, X Ray Spectra},
     year = 1994,
    month = oct,
   volume = 434,
    pages = {446-467},
  adsnote = {Provided by the SAO/NASA Astrophysics Data System}
}

@ARTICLE{kormendy13,
   author = {{Kormendy}, J. and {Ho}, L.~C.},
    title = "{Coevolution (Or Not) of Supermassive Black Holes and Host Galaxies}",
  journal = {\araa},
     year = 2013,
    month = aug,
   volume = 51,
    pages = {511-653},
  adsnote = {Provided by the SAO/NASA Astrophysics Data System}
}


@ARTICLE{murray95,
   author = {{Murray}, N. and {Chiang}, J. and {Grossman}, S.~A. and {Voit}, G.~M.
  },
    title = "{Accretion Disk Winds from Active Galactic Nuclei}",
  journal = {\apj},
 keywords = {ACCRETION, ACCRETION DISKS, GALAXIES: NUCLEI, GALAXIES: QUASARS: ABSORPTION LINES},
     year = 1995,
    month = oct,
   volume = 451,
    pages = {498},
  adsnote = {Provided by the SAO/NASA Astrophysics Data System}
}

@ARTICLE{onken08,
   author = {{Onken}, C.~A. and {Kollmeier}, J.~A.},
    title = "{An Improved Method for Using Mg II to Estimate Black Hole Masses in Active Galactic Nuclei}",
  journal = {\apjl},
 keywords = {black hole physics, galaxies: active, quasars: emission lines, surveys },
     year = 2008,
    month = dec,
   volume = 689,
    pages = {L13},
  adsnote = {Provided by the SAO/NASA Astrophysics Data System}
}

@ARTICLE{park13,
   author = {{Park}, D. and {Woo}, J.-H. and {Denney}, K.~D. and {Shin}, J.
  },
    title = "{Calibrating C-IV-based Black Hole Mass Estimators}",
  journal = {\apj},
 keywords = {black hole physics, galaxies: active, galaxies: nuclei, methods: statistical },
     year = 2013,
    month = jun,
   volume = 770,
    pages = {87},
  adsnote = {Provided by the SAO/NASA Astrophysics Data System}
}

@ARTICLE{peterson04,
   author = {{Peterson}, B.~M. and {Ferrarese}, L. and {Gilbert}, K.~M. and 
  {Kaspi}, S. and {Malkan}, M.~A. and {Maoz}, D. and {Merritt}, D. and 
  {Netzer}, H. and {Onken}, C.~A. and {Pogge}, R.~W. and {Vestergaard}, M. and 
  {Wandel}, A.},
    title = "{Central Masses and Broad-Line Region Sizes of Active Galactic Nuclei. II. A Homogeneous Analysis of a Large Reverberation-Mapping Database}",
  journal = {\apj},
 keywords = {Galaxies: Active, Galaxies: Nuclei, Galaxies: Seyfert, Galaxies: Quasars: Emission Lines},
     year = 2004,
    month = oct,
   volume = 613,
    pages = {682-699},
  adsnote = {Provided by the SAO/NASA Astrophysics Data System}
}

@INPROCEEDINGS{peterson10,
   author = {{Peterson}, B.~M.},
    title = "{Toward Precision Measurement of Central Black Hole Masses}",
 keywords = {galaxies: active, galaxies: nuclei, techniques: spectroscopic},
booktitle = {Co-Evolution of Central Black Holes and Galaxies},
     year = 2010,
   series = {IAU Symposium},
   volume = 267,
   editor = {{Peterson}, B.~M. and {Somerville}, R.~S. and {Storchi-Bergmann}, T.
  },
    month = may,
    pages = {151-160},
  adsnote = {Provided by the SAO/NASA Astrophysics Data System}
}

@ARTICLE{peterson93,
   author = {{Peterson}, B.~M.},
    title = "{Reverberation mapping of active galactic nuclei}",
  journal = {\pasp},
 keywords = {Active Galactic Nuclei, Astronomical Maps, Emission Spectra, Reverberation, Astronomical Spectroscopy, Cross Correlation, Luminosity, Spectral Line Width, Transfer Functions},
     year = 1993,
    month = mar,
   volume = 105,
    pages = {247-268},
  adsnote = {Provided by the SAO/NASA Astrophysics Data System}
}

@ARTICLE{proga00,
   author = {{Proga}, D. and {Stone}, J.~M. and {Kallman}, T.~R.},
    title = "{Dynamics of Line-driven Disk Winds in Active Galactic Nuclei}",
  journal = {\apj},
 keywords = {Accretion, Accretion Disks, Galaxies: Active, Hydrodynamics, Instabilities, Methods: Numerical},
     year = 2000,
    month = nov,
   volume = 543,
    pages = {686-696},
  adsnote = {Provided by the SAO/NASA Astrophysics Data System}
}

@ARTICLE{richards02,
   author = {{Richards}, G.~T. and {Vanden Berk}, D.~E. and {Reichard}, T.~A. and
  {Hall}, P.~B. and {Schneider}, D.~P. and {SubbaRao}, M. and
  {Thakar}, A.~R. and {York}, D.~G.},
    title = "{Broad Emission-Line Shifts in Quasars: An Orientation Measure for Radio-Quiet Quasars?}",
  journal = {\aj},
 keywords = {--Galaxies: Quasars: Emission Lines, Galaxies: Quasars: General},
     year = 2002,
    month = jul,
   volume = 124,
    pages = {1-17},
  adsnote = {Provided by the SAO/NASA Astrophysics Data System}
}

@ARTICLE{richards06b,
   author = {{Richards}, G.~T. and {Strauss}, M.~A. and {Fan}, X. and {Hall}, P.~B. and 
  {Jester}, S. and {Schneider}, D.~P. and {Vanden Berk}, D.~E. and 
  {Stoughton}, C. and {Anderson}, S.~F. and {Brunner}, R.~J. and 
  {Gray}, J. and {Gunn}, J.~E. and {Ivezi{\'c}}, {\v Z}. and {Kirkland}, M.~K. and 
  {Knapp}, G.~R. and {Loveday}, J. and {Meiksin}, A. and {Pope}, A. and 
  {Szalay}, A.~S. and {Thakar}, A.~R. and {Yanny}, B. and {York}, D.~G. and 
  {Barentine}, J.~C. and {Brewington}, H.~J. and {Brinkmann}, J. and 
  {Fukugita}, M. and {Harvanek}, M. and {Kent}, S.~M. and {Kleinman}, S.~J. and 
  {Krzesi{\'n}ski}, J. and {Long}, D.~C. and {Lupton}, R.~H. and 
  {Nash}, T. and {Neilsen}, Jr., E.~H. and {Nitta}, A. and {Schlegel}, D.~J. and 
  {Snedden}, S.~A.},
    title = "{The Sloan Digital Sky Survey Quasar Survey: Quasar Luminosity Function from Data Release 3}",
  journal = {\aj},
 keywords = {Cosmology: Observations, Galaxies: Active, Galaxies: Luminosity Function, Mass Function, Galaxies: Quasars: General, Surveys},
     year = 2006,
    month = jun,
   volume = 131,
    pages = {2766-2787},
  adsnote = {Provided by the SAO/NASA Astrophysics Data System}
}

@ARTICLE{richards11,
   author = {{Richards}, G.~T. and {Kruczek}, N.~E. and {Gallagher}, S.~C. and
  {Hall}, P.~B. and {Hewett}, P.~C. and {Leighly}, K.~M. and {Deo}, R.~P. and
  {Kratzer}, R.~M. and {Shen}, Y.},
    title = "{Unification of Luminous Type 1 Quasars through CIV Emission}",
  journal = {\aj},
 keywords = {line: profiles, quasars: absorption lines, quasars: emission lines, quasars: general, radio continuum: galaxies},
     year = 2011,
    month = may,
   volume = 141,
    pages = {167},
  adsnote = {Provided by the SAO/NASA Astrophysics Data System}
}

@ARTICLE{runnoe13,
   author = {{Runnoe}, J.~C. and {Brotherton}, M.~S. and {Shang}, Z. and 
  {DiPompeo}, M.~A.},
    title = "{Rehabilitating C IV-based black hole mass estimates in quasars}",
  journal = {\mnras},
 keywords = {galaxies: active, quasars: general},
     year = 2013,
    month = sep,
   volume = 434,
    pages = {848-861},
  adsnote = {Provided by the SAO/NASA Astrophysics Data System}
}

@ARTICLE{runnoe13b,
   author = {{Runnoe}, J.~C. and {Brotherton}, M.~S. and {Shang}, Z. and 
  {Wills}, B.~J. and {DiPompeo}, M.~A.},
    title = "{The orientation dependence of quasar single-epoch black hole mass scaling relationships}",
  journal = {\mnras},
 keywords = {accretion, accretion discs, black hole physics, galaxies: active, quasars: general},
     year = 2013,
    month = feb,
   volume = 429,
    pages = {135-149},
   adsurl = {http://adsabs.harvard.edu/abs/2013MNRAS.429..135R},
  adsnote = {Provided by the SAO/NASA Astrophysics Data System}
}

@ARTICLE{shen08,
   author = {{Shen}, Y. and {Greene}, J.~E. and {Strauss}, M.~A. and {Richards}, G.~T. and
  {Schneider}, D.~P.},
    title = "{Biases in Virial Black Hole Masses: An SDSS Perspective}",
  journal = {\apj},
 keywords = {Black Hole Physics, Galaxies: Active, Galaxies: Fundamental Parameters, Galaxies: High-Redshift, Galaxies: Quasars: General, Surveys},
     year = 2008,
    month = jun,
   volume = 680,
    pages = {169-190},
  adsnote = {Provided by the SAO/NASA Astrophysics Data System}
}

@ARTICLE{shen11,
   author = {{Shen}, Y. and {Richards}, G.~T. and {Strauss}, M.~A. and {Hall}, P.~B. and
  {Schneider}, D.~P. and {Snedden}, S. and {Bizyaev}, D. and {Brewington}, H. and
  {Malanushenko}, V. and {Malanushenko}, E. and {Oravetz}, D. and
  {Pan}, K. and {Simmons}, A.},
    title = "{A Catalog of Quasar Properties from Sloan Digital Sky Survey Data Release 7}",
  journal = {\apjs},
 primaryClass = "astro-ph.CO",
 keywords = {black hole physics, galaxies: active, quasars: general, surveys},
     year = 2011,
    month = jun,
   volume = 194,
    pages = {45},
  adsnote = {Provided by the SAO/NASA Astrophysics Data System}
}

@ARTICLE{shen12,
   author = {{Shen}, Y. and {Liu}, X.},
    title = "{Comparing Single-epoch Virial Black Hole Mass Estimators for Luminous Quasars}",
  journal = {\apj},
 keywords = {black hole physics, galaxies: active, quasars: general},
     year = 2012,
    month = jul,
   volume = 753,
    pages = {125},
  adsnote = {Provided by the SAO/NASA Astrophysics Data System}
}

@ARTICLE{shen13,
   author = {{Shen}, Y.},
    title = "{The mass of quasars}",
  journal = {Bulletin of the Astronomical Society of India},
 primaryClass = "astro-ph.CO",
 keywords = {black hole physics, galaxies: active, quasars: general, surveys},
     year = 2013,
    month = mar,
   volume = 41,
    pages = {61-115},
  adsnote = {Provided by the SAO/NASA Astrophysics Data System}
}

@ARTICLE{shen14,
   author = {{Shen}, Y. and {Ho}, L.~C.},
    title = "{The diversity of quasars unified by accretion and orientation}",
  journal = {\nat},
     year = 2014,
    month = sep,
   volume = 513,
    pages = {210-213},
  adsnote = {Provided by the SAO/NASA Astrophysics Data System}
}

@ARTICLE{shen15,
   author = {{Shen}, Y. and {Brandt}, W.~N. and {Dawson}, K.~S. and {Hall}, P.~B. and
  {McGreer}, I.~D. and {Anderson}, S.~F. and {Chen}, Y. and {Denney}, K.~D. and
  {Eftekharzadeh}, S. and {Fan}, X. and {Gao}, Y. and {Green}, P.~J. and
  {Greene}, J.~E. and {Ho}, L.~C. and {Horne}, K. and {Jiang}, L. and
  {Kelly}, B.~C. and {Kinemuchi}, K. and {Kochanek}, C.~S. and
  {P{\^a}ris}, I. and {Peters}, C.~M. and {Peterson}, B.~M. and
  {Petitjean}, P. and {Ponder}, K. and {Richards}, G.~T. and {Schneider}, D.~P. and
  {Seth}, A. and {Smith}, R.~N. and {Strauss}, M.~A. and {Tao}, C. and
  {Trump}, J.~R. and {Wood-Vasey}, W.~M. and {Zu}, Y. and {Eisenstein}, D.~J. and
  {Pan}, K. and {Bizyaev}, D. and {Malanushenko}, V. and {Malanushenko}, E. and
  {Oravetz}, D.},
    title = "{The Sloan Digital Sky Survey Reverberation Mapping Project: Technical Overview}",
  journal = {\apjs},
 primaryClass = "astro-ph.IM",
 keywords = {black hole physics, galaxies: active, line: profiles, quasars: general, surveys},
     year = 2015,
    month = jan,
   volume = 216,
    pages = {4},
  adsnote = {Provided by the SAO/NASA Astrophysics Data System}
}

@ARTICLE{sulentic00a,
   author = {{Sulentic}, J.~W. and {Marziani}, P. and {Dultzin-Hacyan}, D.
  },
    title = "{Phenomenology of Broad Emission Lines in Active Galactic Nuclei}",
  journal = {\araa},
 keywords = {SEYFERT GALAXIES, QUASARS, ACCRETION DISKS, SPECTROSCOPY, EMISSION LINES, LINE FORMATION},
     year = 2000,
   volume = 38,
    pages = {521-571},
  adsnote = {Provided by the SAO/NASA Astrophysics Data System}
}


@ARTICLE{sulentic00b,
   author = {{Sulentic}, J.~W. and {Zwitter}, T. and {Marziani}, P. and {Dultzin-Hacyan}, D.
  },
    title = "{Eigenvector 1: An Optimal Correlation Space for Active Galactic Nuclei}",
  journal = {\apjl},
 keywords = {Galaxies: Seyfert, Line: Formation, Line: Profiles, Galaxies: Quasars: General},
     year = 2000,
    month = jun,
   volume = 536,
    pages = {L5-L9},
  adsnote = {Provided by the SAO/NASA Astrophysics Data System}
}


@ARTICLE{tilton13,
   author = {{Tilton}, E.~M. and {Shull}, J.~M.},
    title = "{Ultraviolet Emission-line Correlations in HST/COS Spectra of Active Galactic Nuclei: Single-epoch Black Hole Masses}",
  journal = {\apj},
 keywords = {galaxies: active, galaxies: fundamental parameters, galaxies: high-redshift, galaxies: Seyfert, quasars: emission lines, ultraviolet: galaxies, ultraviolet: general},
     year = 2013,
    month = sep,
   volume = 774,
    pages = {67},
  adsnote = {Provided by the SAO/NASA Astrophysics Data System}
}

@ARTICLE{vestergaard02,
   author = {{Vestergaard}, M.},
    title = "{Determining Central Black Hole Masses in Distant Active Galaxies}",
  journal = {\apj},
 keywords = {Galaxies: Active, Galaxies: Fundamental Parameters, Galaxies: High-Redshift, Galaxies: Seyfert, Galaxies: Quasars: Emission Lines, Ultraviolet: Galaxies},
     year = 2002,
    month = jun,
   volume = 571,
    pages = {733-752},
  adsnote = {Provided by the SAO/NASA Astrophysics Data System}
}

@ARTICLE{vestergaard06,
   author = {{Vestergaard}, M. and {Peterson}, B.~M.},
    title = "{Determining Central Black Hole Masses in Distant Active Galaxies and Quasars. II. Improved Optical and UV Scaling Relationships}",
  journal = {\apj},
 keywords = {Galaxies: Active, Galaxies: Fundamental Parameters, Galaxies: High-Redshift, Galaxies: Seyfert, Galaxies: Quasars: Emission Lines, Ultraviolet: Galaxies},
     year = 2006,
    month = apr,
   volume = 641,
    pages = {689-709},
  adsnote = {Provided by the SAO/NASA Astrophysics Data System}
}

@ARTICLE{vestergaard09,
   author = {{Vestergaard}, M. and {Osmer}, P.~S.},
    title = "{Mass Functions of the Active Black Holes in Distant Quasars from the Large Bright Quasar Survey, the Bright Quasar Survey, and the Color-selected Sample of the SDSS Fall Equatorial Stripe}",
  journal = {\apj},
 primaryClass = "astro-ph.CO",
 keywords = {cosmology: observations, galaxies: active, galaxies: luminosity function, mass function, quasars: emission lines, quasars: general, surveys},
     year = 2009,
    month = jul,
   volume = 699,
    pages = {800-816},
  adsnote = {Provided by the SAO/NASA Astrophysics Data System}
}

@ARTICLE{wu04,
   author = {{Wu}, X.-B. and {Wang}, R. and {Kong}, M.~Z. and {Liu}, F.~K. and 
  {Han}, J.~L.},
    title = "{Black hole mass estimation using a relation between the BLR size and emission line luminosity of AGN}",
  journal = {\aap},
 keywords = {black hole physics, galaxies: active, galaxies: nuclei, quasars: general, quasars: emission lines},
     year = 2004,
    month = sep,
   volume = 424,
    pages = {793-798},
  adsnote = {Provided by the SAO/NASA Astrophysics Data System}
}

@ARTICLE{peterson14,
   author = {{Peterson}, B.~M.},
    title = "{Measuring the Masses of Supermassive Black Holes}",
  journal = {\ssr},
 keywords = {Active galactic nuclei, Black hole, Reverberation mapping},
     year = 2014,
    month = sep,
   volume = 183,
    pages = {253-275},
  adsnote = {Provided by the SAO/NASA Astrophysics Data System}
}

@ARTICLE{allen11,
   author = {{Allen}, J.~T. and {Hewett}, P.~C. and {Maddox}, N. and {Richards}, G.~T. and
  {Belokurov}, V.},
    title = "{A strong redshift dependence of the broad absorption line quasar fraction}",
  journal = {\mnras},
 keywords = {methods: data analysis, galaxies: active, galaxies: nuclei, quasars: absorption lines, galaxies: statistics},
     year = 2011,
    month = jan,
   volume = 410,
    pages = {860-884},
  adsnote = {Provided by the SAO/NASA Astrophysics Data System}
}

@ARTICLE{brotherton15b,
   author = {{Brotherton}, M.~S. and {Singh}, V. and {Runnoe}, J.},
    title = "{Orientation and quasar black hole mass estimation}",
  journal = {\mnras},
 keywords = {galaxies: active, quasars: general},
     year = 2015,
    month = dec,
   volume = 454,
    pages = {3864-3871},
   adsurl = {http://adsabs.harvard.edu/abs/2015MNRAS.454.3864B},
  adsnote = {Provided by the SAO/NASA Astrophysics Data System}
}

@ARTICLE{cappellari02,
   author = {{Cappellari}, M. and {Verolme}, E.~K. and {van der Marel}, R.~P. and
  {Verdoes Kleijn}, G.~A. and {Illingworth}, G.~D. and {Franx}, M. and
  {Carollo}, C.~M. and {de Zeeuw}, P.~T.},
    title = "{The Counterrotating Core and the Black Hole Mass of IC 1459}",
  journal = {\apj},
 keywords = {Black Hole Physics, Galaxies: Elliptical and Lenticular, cD, Galaxies: Individual: Alphanumeric: IC 1459, Galaxies: Kinematics and Dynamics, Galaxies: Nuclei},
     year = 2002,
    month = oct,
   volume = 578,
    pages = {787-805},
  adsnote = {Provided by the SAO/NASA Astrophysics Data System}
}


@ARTICLE{dawson13,
   author = {{Dawson}, K.~S. and {Schlegel}, D.~J. and {Ahn}, C.~P. and {Anderson}, S.~F. and
  {Aubourg}, {\'E}. and {Bailey}, S. and {Barkhouser}, R.~H. and
  {Bautista}, J.~E. and {Beifiori}, A. and {Berlind}, A.~A. and
  {Bhardwaj}, V. and {Bizyaev}, D. and {Blake}, C.~H. and {Blanton}, M.~R. and
  {Blomqvist}, M. and {Bolton}, A.~S. and {Borde}, A. and {Bovy}, J. and
  {Brandt}, W.~N. and {Brewington}, H. and {Brinkmann}, J. and
  {Brown}, P.~J. and {Brownstein}, J.~R. and {Bundy}, K. and {Busca}, N.~G. and
  {Carithers}, W. and {Carnero}, A.~R. and {Carr}, M.~A. and {Chen}, Y. and
  {Comparat}, J. and {Connolly}, N. and {Cope}, F. and {Croft}, R.~A.~C. and
  {Cuesta}, A.~J. and {da Costa}, L.~N. and {Davenport}, J.~R.~A. and
  {Delubac}, T. and {de Putter}, R. and {Dhital}, S. and {Ealet}, A. and
  {Ebelke}, G.~L. and {Eisenstein}, D.~J. and {Escoffier}, S. and
  {Fan}, X. and {Filiz Ak}, N. and {Finley}, H. and {Font-Ribera}, A. and
  {G{\'e}nova-Santos}, R. and {Gunn}, J.~E. and {Guo}, H. and
  {Haggard}, D. and {Hall}, P.~B. and {Hamilton}, J.-C. and {Harris}, B. and
  {Harris}, D.~W. and {Ho}, S. and {Hogg}, D.~W. and {Holder}, D. and
  {Honscheid}, K. and {Huehnerhoff}, J. and {Jordan}, B. and {Jordan}, W.~P. and
  {Kauffmann}, G. and {Kazin}, E.~A. and {Kirkby}, D. and {Klaene}, M.~A. and
  {Kneib}, J.-P. and {Le Goff}, J.-M. and {Lee}, K.-G. and {Long}, D.~C. and
  {Loomis}, C.~P. and {Lundgren}, B. and {Lupton}, R.~H. and {Maia}, M.~A.~G. and
  {Makler}, M. and {Malanushenko}, E. and {Malanushenko}, V. and
  {Mandelbaum}, R. and {Manera}, M. and {Maraston}, C. and {Margala}, D. and
  {Masters}, K.~L. and {McBride}, C.~K. and {McDonald}, P. and
  {McGreer}, I.~D. and {McMahon}, R.~G. and {Mena}, O. and {Miralda-Escud{\'e}}, J. and
  {Montero-Dorta}, A.~D. and {Montesano}, F. and {Muna}, D. and
  {Myers}, A.~D. and {Naugle}, T. and {Nichol}, R.~C. and {Noterdaeme}, P. and
  {Nuza}, S.~E. and {Olmstead}, M.~D. and {Oravetz}, A. and {Oravetz}, D.~J. and
  {Owen}, R. and {Padmanabhan}, N. and {Palanque-Delabrouille}, N. and
  {Pan}, K. and {Parejko}, J.~K. and {P{\^a}ris}, I. and {Percival}, W.~J. and
  {P{\'e}rez-Fournon}, I. and {P{\'e}rez-R{\`a}fols}, I. and {Petitjean}, P. and
  {Pfaffenberger}, R. and {Pforr}, J. and {Pieri}, M.~M. and {Prada}, F. and
  {Price-Whelan}, A.~M. and {Raddick}, M.~J. and {Rebolo}, R. and
  {Rich}, J. and {Richards}, G.~T. and {Rockosi}, C.~M. and {Roe}, N.~A. and
  {Ross}, A.~J. and {Ross}, N.~P. and {Rossi}, G. and {Rubi{\~n}o-Martin}, J.~A. and
  {Samushia}, L. and {S{\'a}nchez}, A.~G. and {Sayres}, C. and
  {Schmidt}, S.~J. and {Schneider}, D.~P. and {Sc{\'o}ccola}, C.~G. and
  {Seo}, H.-J. and {Shelden}, A. and {Sheldon}, E. and {Shen}, Y. and
  {Shu}, Y. and {Slosar}, A. and {Smee}, S.~A. and {Snedden}, S.~A. and
  {Stauffer}, F. and {Steele}, O. and {Strauss}, M.~A. and {Streblyanska}, A. and
  {Suzuki}, N. and {Swanson}, M.~E.~C. and {Tal}, T. and {Tanaka}, M. and
  {Thomas}, D. and {Tinker}, J.~L. and {Tojeiro}, R. and {Tremonti}, C.~A. and
  {Vargas Maga{\~n}a}, M. and {Verde}, L. and {Viel}, M. and {Wake}, D.~A. and
  {Watson}, M. and {Weaver}, B.~A. and {Weinberg}, D.~H. and {Weiner}, B.~J. and
  {West}, A.~A. and {White}, M. and {Wood-Vasey}, W.~M. and {Yeche}, C. and
  {Zehavi}, I. and {Zhao}, G.-B. and {Zheng}, Z.},
    title = "{The Baryon Oscillation Spectroscopic Survey of SDSS-III}",
  journal = {\aj},
 keywords = {cosmology: observations, surveys},
     year = 2013,
    month = jan,
   volume = 145,
    pages = {10},
  adsnote = {Provided by the SAO/NASA Astrophysics Data System}
}

@ARTICLE{denney13,
   author = {{Denney}, K.~D. and {Pogge}, R.~W. and {Assef}, R.~J. and {Kochanek}, C.~S. and
  {Peterson}, B.~M. and {Vestergaard}, M.},
    title = "{C IV Line-width Anomalies: The Perils of Low Signal-to-noise Spectra}",
  journal = {\apj},
 keywords = {galaxies: active, galaxies: nuclei, quasars: emission lines },
     year = 2013,
    month = sep,
   volume = 775,
    pages = {60},
  adsnote = {Provided by the SAO/NASA Astrophysics Data System}
}

@ARTICLE{gaskell82,
   author = {{Gaskell}, C.~M.},
    title = "{A redshift difference between high and low ionization emission-line regions in QSOs - Evidence for radial motions}",
  journal = {\apj},
 keywords = {Emission Spectra, Quasars, Radio Galaxies, Red Shift, Seyfert Galaxies, Spectral Line Width, Absorption Spectra, Accretion Disks, Astronomical Models, Cosmic Dust, Gas Ionization, Radial Velocity, Spectrophotometry},
     year = 1982,
    month = dec,
   volume = 263,
    pages = {79-86},
  adsnote = {Provided by the SAO/NASA Astrophysics Data System}
}

@ARTICLE{gavignaud08,
   author = {{Gavignaud}, I. and {Wisotzki}, L. and {Bongiorno}, A. and {Paltani}, S. and 
  {Zamorani}, G. and {M{\o}ller}, P. and {Le Brun}, V. and {Husemann}, B. and 
  {Lamareille}, F. and {Schramm}, M. and {Le F{\`e}vre}, O. and 
  {Bottini}, D. and {Garilli}, B. and {Maccagni}, D. and {Scaramella}, R. and 
  {Scodeggio}, M. and {Tresse}, L. and {Vettolani}, G. and {Zanichelli}, A. and 
  {Adami}, C. and {Arnaboldi}, M. and {Arnouts}, S. and {Bardelli}, S. and 
  {Bolzonella}, M. and {Cappi}, A. and {Charlot}, S. and {Ciliegi}, P. and 
  {Contini}, T. and {Foucaud}, S. and {Franzetti}, P. and {Guzzo}, L. and 
  {Ilbert}, O. and {Iovino}, A. and {McCracken}, H.~J. and {Marano}, B. and 
  {Marinoni}, C. and {Mazure}, A. and {Meneux}, B. and {Merighi}, R. and 
  {Pell{\`o}}, R. and {Pollo}, A. and {Pozzetti}, L. and {Radovich}, M. and 
  {Zucca}, E. and {Bondi}, M. and {Busarello}, G. and {Cucciati}, O. and 
  {de La Torre}, S. and {Gregorini}, L. and {Mellier}, Y. and 
  {Merluzzi}, P. and {Ripepi}, V. and {Rizzo}, D. and {Vergani}, D.
  },
    title = "{Eddington ratios of faint AGN at intermediate redshift: evidence for a population of half-starved black holes}",
  journal = {\aap},
 keywords = {galaxies: active, galaxies: Seyfert, galaxies: nuclei},
     year = 2008,
    month = dec,
   volume = 492,
    pages = {637-650},
  adsnote = {Provided by the SAO/NASA Astrophysics Data System}
}

@ARTICLE{hewett10,
   author = {{Hewett}, P.~C. and {Wild}, V.},
    title = "{Improved redshifts for SDSS quasar spectra}",
  journal = {\mnras},
 keywords = {catalogues, surveys, quasars: emission lines, quasars: general},
     year = 2010,
    month = jul,
   volume = 405,
    pages = {2302-2316},
  adsnote = {Provided by the SAO/NASA Astrophysics Data System}
}

@ARTICLE{higginbottom15,
   author = {{Higginbottom}, N. and {Proga}, D.},
    title = "{Coronae and Winds from Irradiated Disks in X-Ray Binaries}",
  journal = {\apj},
 primaryClass = "astro-ph.HE",
 keywords = {accretion, accretion disks, hydrodynamics, methods: numerical, X-rays: binaries},
     year = 2015,
    month = jul,
   volume = 807,
    pages = {107},
  adsnote = {Provided by the SAO/NASA Astrophysics Data System}
}

@ARTICLE{kelly10,
   author = {{Kelly}, B.~C. and {Vestergaard}, M. and {Fan}, X. and {Hopkins}, P. and 
  {Hernquist}, L. and {Siemiginowska}, A.},
    title = "{Constraints on Black Hole Growth, Quasar Lifetimes, and Eddington Ratio Distributions from the SDSS Broad-line Quasar Black Hole Mass Function}",
  journal = {\apj},
 keywords = {black hole physics, galaxies: active, galaxies: luminosity function, mass function, galaxies: nuclei, galaxies: statistics, quasars: general},
     year = 2010,
    month = aug,
   volume = 719,
    pages = {1315-1334},
  adsnote = {Provided by the SAO/NASA Astrophysics Data System}
}

@ARTICLE{kelly13,
   author = {{Kelly}, B.~C. and {Shen}, Y.},
    title = "{The Demographics of Broad-line Quasars in the Mass-Luminosity Plane. II. Black Hole Mass and Eddington Ratio Functions}",
  journal = {\apj},
 keywords = {black hole physics, galaxies: active, quasars: general, surveys},
     year = 2013,
    month = feb,
   volume = 764,
    pages = {45},
  adsnote = {Provided by the SAO/NASA Astrophysics Data System}
}

@ARTICLE{kingoz15,
   author = {{King}, A.~L. and {Martini}, P. and {Davis}, T.~M. and {Denney}, K.~D. and 
  {Kochanek}, C.~S. and {Peterson}, B.~M. and {Skielboe}, A. and 
  {Vestergaard}, M. and {Huff}, E. and {Watson}, D. and {Banerji}, M. and 
  {McMahon}, R. and {Sharp}, R. and {Lidman}, C.},
    title = "{Simulations of the OzDES AGN reverberation mapping project}",
  journal = {\mnras},
 keywords = {quasars: general, quasars: supermassive black holes, dark energy},
     year = 2015,
    month = oct,
   volume = 453,
    pages = {1701-1726},
  adsnote = {Provided by the SAO/NASA Astrophysics Data System}
}

@ARTICLE{kratzer15,
   author = {{Kratzer}, R.~M. and {Richards}, G.~T.},
    title = "{Mean and Extreme Radio Properties of Quasars and the Origin of Radio Emission}",
  journal = {\aj},
 keywords = {galaxies: active, quasars: emission lines, quasars: general, quasars: supermassive black holes, radio continuum: galaxies},
     year = 2015,
    month = feb,
   volume = 149,
    pages = {61},
  adsnote = {Provided by the SAO/NASA Astrophysics Data System}
}

@ARTICLE{krawczyk13,
   author = {{Krawczyk}, C.~M. and {Richards}, G.~T. and {Mehta}, S.~S. and 
  {Vogeley}, M.~S. and {Gallagher}, S.~C. and {Leighly}, K.~M. and 
  {Ross}, N.~P. and {Schneider}, D.~P.},
    title = "{Mean Spectral Energy Distributions and Bolometric Corrections for Luminous Quasars}",
  journal = {\apjs},
 primaryClass = "astro-ph.CO",
 keywords = {catalogs, infrared: galaxies, methods: statistical, quasars: general },
     year = 2013,
    month = may,
   volume = 206,
    pages = {4},
  adsnote = {Provided by the SAO/NASA Astrophysics Data System}
}

@ARTICLE{lawrence07,
   author = {{Lawrence}, A. and {Warren}, S.~J. and {Almaini}, O. and {Edge}, A.~C. and
  {Hambly}, N.~C. and {Jameson}, R.~F. and {Lucas}, P. and {Casali}, M. and
  {Adamson}, A. and {Dye}, S. and {Emerson}, J.~P. and {Foucaud}, S. and
  {Hewett}, P. and {Hirst}, P. and {Hodgkin}, S.~T. and {Irwin}, M.~J. and
  {Lodieu}, N. and {McMahon}, R.~G. and {Simpson}, C. and {Smail}, I. and
  {Mortlock}, D. and {Folger}, M.},
    title = "{The UKIRT Infrared Deep Sky Survey (UKIDSS)}",
  journal = {\mnras},
 keywords = {surveys, infrared: general},
     year = 2007,
    month = aug,
   volume = 379,
    pages = {1599-1617},
  adsnote = {Provided by the SAO/NASA Astrophysics Data System}
}

@ARTICLE{leighly04,
   author = {{Leighly}, K.~M.},
    title = "{Hubble Space Telescope STIS Ultraviolet Spectral Evidence of Outflow in Extreme Narrow-Line Seyfert 1 Galaxies. II. Modeling and Interpretation}",
  journal = {\apj},
 keywords = {Galaxies: Seyfert, Galaxies: Quasars: Emission Lines, Galaxies: Quasars: Individual: Alphanumeric: IRAS 13224-3809, Galaxies: Quasars: Individual: Alphanumeric: 1H 0707-495, Ultraviolet: Galaxies},
     year = 2004,
    month = aug,
   volume = 611,
    pages = {125-152},
  adsnote = {Provided by the SAO/NASA Astrophysics Data System}
}

@ARTICLE{luo15,
   author = {{Luo}, B. and {Brandt}, W.~N. and {Hall}, P.~B. and {Wu}, J. and 
  {Anderson}, S.~F. and {Garmire}, G.~P. and {Gibson}, R.~R. and 
  {Plotkin}, R.~M. and {Richards}, G.~T. and {Schneider}, D.~P. and 
  {Shemmer}, O. and {Shen}, Y.},
    title = "{X-ray Insights into the Nature of PHL 1811 Analogs and Weak Emission-line Quasars: Unification with a Geometrically Thick Accretion Disk?}",
  journal = {\apj},
 keywords = {accretion, accretion disks, galaxies: active, galaxies: nuclei, quasars: emission lines, X-rays: galaxies},
     year = 2015,
    month = jun,
   volume = 805,
    pages = {122},
  adsnote = {Provided by the SAO/NASA Astrophysics Data System}
}

@ARTICLE{maddox06,
   author = {{Maddox}, N. and {Hewett}, P.~C.},
    title = "{Simulating wide-field quasar surveys from the optical to near-infrared}",
  journal = {\mnras},
 keywords = {surveys, quasars: general, infrared: general},
     year = 2006,
    month = apr,
   volume = 367,
    pages = {717-731},
  adsnote = {Provided by the SAO/NASA Astrophysics Data System}
}

@ARTICLE{marel93,
   author = {{van der Marel}, R.~P. and {Franx}, M.},
    title = "{A new method for the identification of non-Gaussian line profiles in elliptical galaxies}",
  journal = {\apj},
 keywords = {Elliptical Galaxies, Galactic Structure, Line Spectra, Astronomical Models, Computational Astrophysics, Galactic Evolution},
     year = 1993,
    month = apr,
   volume = 407,
    pages = {525-539},
  adsnote = {Provided by the SAO/NASA Astrophysics Data System}
}

@ARTICLE{marziani03,
   author = {{Marziani}, P. and {Zamanov}, R.~K. and {Sulentic}, J.~W. and {Calvani}, M.},
    title = "{Searching for the physical drivers of eigenvector 1: influence of black hole mass and Eddington ratio}",
  journal = {\mnras},
 keywords = {galaxies: active, quasars: emission lines, quasars: general},
     year = 2003,
    month = nov,
   volume = 345,
    pages = {1133-1144},
  adsnote = {Provided by the SAO/NASA Astrophysics Data System}
}

@ARTICLE{mcgill08,
   author = {{McGill}, K.~L. and {Woo}, J.-H. and {Treu}, T. and {Malkan}, M.~A.
  },
    title = "{Comparing and Calibrating Black Hole Mass Estimators for Distant Active Galactic Nuclei}",
  journal = {\apj},
 keywords = {Black Hole Physics, Galaxies: Active, Galaxies: Evolution, Galaxies: Quasars: General},
     year = 2008,
    month = feb,
   volume = 673,
    pages = {703-714},
  adsnote = {Provided by the SAO/NASA Astrophysics Data System}
}

@ARTICLE{mejia-restrepo16,
   author = {{Mej{\'{\i}}a-Restrepo}, J.~E. and {Trakhtenbrot}, B. and {Lira}, P. and 
  {Netzer}, H. and {Capellupo}, D.~M.},
    title = "{Active galactic nuclei at z$\sim$1.5 - II. Black hole mass estimation by means of broad emission lines}",
  journal = {\mnras},
 keywords = {galaxies: active, quasars: emission lines, quasars: general},
     year = 2016,
    month = jul,
   volume = 460,
    pages = {187-211},
   adsurl = {http://adsabs.harvard.edu/abs/2016MNRAS.460..187M},
  adsnote = {Provided by the SAO/NASA Astrophysics Data System}
}


@ARTICLE{paris14,
   author = {{P{\^a}ris}, I. and {Petitjean}, P. and {Aubourg}, {\'E}. and 
  {Ross}, N.~P. and {Myers}, A.~D. and {Streblyanska}, A. and 
  {Bailey}, S. and {Hall}, P.~B. and {Strauss}, M.~A. and {Anderson}, S.~F. and 
  {Bizyaev}, D. and {Borde}, A. and {Brinkmann}, J. and {Bovy}, J. and 
  {Brandt}, W.~N. and {Brewington}, H. and {Brownstein}, J.~R. and 
  {Cook}, B.~A. and {Ebelke}, G. and {Fan}, X. and {Filiz Ak}, N. and 
  {Finley}, H. and {Font-Ribera}, A. and {Ge}, J. and {Hamann}, F. and 
  {Ho}, S. and {Jiang}, L. and {Kinemuchi}, K. and {Malanushenko}, E. and 
  {Malanushenko}, V. and {Marchante}, M. and {McGreer}, I.~D. and 
  {McMahon}, R.~G. and {Miralda-Escud{\'e}}, J. and {Muna}, D. and 
  {Noterdaeme}, P. and {Oravetz}, D. and {Palanque-Delabrouille}, N. and 
  {Pan}, K. and {Perez-Fournon}, I. and {Pieri}, M. and {Riffel}, R. and 
  {Schlegel}, D.~J. and {Schneider}, D.~P. and {Simmons}, A. and 
  {Viel}, M. and {Weaver}, B.~A. and {Wood-Vasey}, W.~M. and {Y{\`e}che}, C. and 
  {York}, D.~G.},
    title = "{The Sloan Digital Sky Survey quasar catalog: tenth data release}",
  journal = {\aap},
 keywords = {catalogs, surveys, quasars: general},
     year = 2014,
    month = mar,
   volume = 563,
    pages = {A54},
  adsnote = {Provided by the SAO/NASA Astrophysics Data System}
}

@ARTICLE{paris17,
   author = {{P{\^a}ris}, I. and {Petitjean}, P. and {Ross}, N.~P. and {Myers}, A.~D. and 
  {Aubourg}, {\'E}. and {Streblyanska}, A. and {Bailey}, S. and 
  {Armengaud}, {\'E}. and {Palanque-Delabrouille}, N. and {Y{\`e}che}, C. and 
  {Hamann}, F. and {Strauss}, M.~A. and {Albareti}, F.~D. and 
  {Bovy}, J. and {Bizyaev}, D. and {Niel Brandt}, W. and {Brusa}, M. and 
  {Buchner}, J. and {Comparat}, J. and {Croft}, R.~A.~C. and {Dwelly}, T. and 
  {Fan}, X. and {Font-Ribera}, A. and {Ge}, J. and {Georgakakis}, A. and 
  {Hall}, P.~B. and {Jiang}, L. and {Kinemuchi}, K. and {Malanushenko}, E. and 
  {Malanushenko}, V. and {McMahon}, R.~G. and {Menzel}, M.-L. and 
  {Merloni}, A. and {Nandra}, K. and {Noterdaeme}, P. and {Oravetz}, D. and 
  {Pan}, K. and {Pieri}, M.~M. and {Prada}, F. and {Salvato}, M. and 
  {Schlegel}, D.~J. and {Schneider}, D.~P. and {Simmons}, A. and 
  {Viel}, M. and {Weinberg}, D.~H. and {Zhu}, L.},
    title = "{The Sloan Digital Sky Survey Quasar Catalog: Twelfth data release}",
  journal = {\aap},
 keywords = {catalogs, surveys, quasars: general},
     year = 2017,
    month = jan,
   volume = 597,
    pages = {A79},
   adsurl = {http://adsabs.harvard.edu/abs/2017A%26A...597A..79P},
  adsnote = {Provided by the SAO/NASA Astrophysics Data System}
}


@ARTICLE{plotkin15,
   author = {{Plotkin}, R.~M. and {Shemmer}, O. and {Trakhtenbrot}, B. and 
  {Anderson}, S.~F. and {Brandt}, W.~N. and {Fan}, X. and {Gallo}, E. and 
  {Lira}, P. and {Luo}, B. and {Richards}, G.~T. and {Schneider}, D.~P. and 
  {Strauss}, M.~A. and {Wu}, J.},
    title = "{Detection of Rest-frame Optical Lines from X-shooter Spectroscopy of Weak Emission Line Quasars}",
  journal = {\apj},
 keywords = {accretion, accretion disks, galaxies: active, quasars: emission lines},
     year = 2015,
    month = jun,
   volume = 805,
    pages = {123},
  adsnote = {Provided by the SAO/NASA Astrophysics Data System}
}

@ARTICLE{richards06conf,
   author = {{Richards}, G.~T.},
    title = "{AGN Outflows in Emission and Absorption: The SDSS Perspective}",
  journal = {AGN Winds in the Caribbean},
  archivePrefix = "arXiv",
   eprint = {astro-ph/0603827},
 keywords = {Astrophysics},
     year = 2006,
    month = mar,
  adsnote = {Provided by the SAO/NASA Astrophysics Data System}
}

@ARTICLE{richards06,
   author = {{Richards}, G.~T. and {Lacy}, M. and {Storrie-Lombardi}, L.~J. and
  {Hall}, P.~B. and {Gallagher}, S.~C. and {Hines}, D.~C. and
  {Fan}, X. and {Papovich}, C. and {Vanden Berk}, D.~E. and {Trammell}, G.~B. and
  {Schneider}, D.~P. and {Vestergaard}, M. and {York}, D.~G. and
  {Jester}, S. and {Anderson}, S.~F. and {Budav{\'a}ri}, T. and
  {Szalay}, A.~S.},
    title = "{Spectral Energy Distributions and Multiwavelength Selection of Type 1 Quasars}",
  journal = {\apjs},
 keywords = {Catalogs, Galaxies: Active, Infrared: Galaxies, Galaxies: Quasars: General, Radio Continuum: Galaxies, Surveys, Ultraviolet: Galaxies, X-Rays: Galaxies},
     year = 2006,
    month = oct,
   volume = 166,
    pages = {470-497},
  adsnote = {Provided by the SAO/NASA Astrophysics Data System}
}

@ARTICLE{ross13,
   author = {{Ross}, N.~P. and {McGreer}, I.~D. and {White}, M. and {Richards}, G.~T. and 
  {Myers}, A.~D. and {Palanque-Delabrouille}, N. and {Strauss}, M.~A. and 
  {Anderson}, S.~F. and {Shen}, Y. and {Brandt}, W.~N. and {Y{\`e}che}, C. and 
  {Swanson}, M.~E.~C. and {Aubourg}, {\'E}. and {Bailey}, S. and 
  {Bizyaev}, D. and {Bovy}, J. and {Brewington}, H. and {Brinkmann}, J. and 
  {DeGraf}, C. and {Di Matteo}, T. and {Ebelke}, G. and {Fan}, X. and 
  {Ge}, J. and {Malanushenko}, E. and {Malanushenko}, V. and {Mandelbaum}, R. and 
  {Maraston}, C. and {Muna}, D. and {Oravetz}, D. and {Pan}, K. and 
  {P{\^a}ris}, I. and {Petitjean}, P. and {Schawinski}, K. and 
  {Schlegel}, D.~J. and {Schneider}, D.~P. and {Silverman}, J.~D. and 
  {Simmons}, A. and {Snedden}, S. and {Streblyanska}, A. and {Suzuki}, N. and 
  {Weinberg}, D.~H. and {York}, D.},
    title = "{The SDSS-III Baryon Oscillation Spectroscopic Survey: The Quasar Luminosity Function from Data Release Nine}",
  journal = {\apj},
 keywords = {cosmology: observations, galaxies: active, galaxies: luminosity function, mass function, quasars: general, surveys},
     year = 2013,
    month = aug,
   volume = 773,
    pages = {14},
  adsnote = {Provided by the SAO/NASA Astrophysics Data System}
}

@ARTICLE{runnoe14,
   author = {{Runnoe}, J.~C. and {Brotherton}, M.~S. and {DiPompeo}, M.~A. and 
  {Shang}, Z.},
    title = "{The behaviour of quasar C IV emission-line properties with orientation}",
  journal = {\mnras},
 primaryClass = "astro-ph.HE",
 keywords = {accretion, accretion discs, black hole physics, galaxies: active, quasars: emission lines, quasars: general},
     year = 2014,
    month = mar,
   volume = 438,
    pages = {3263-3274},
  adsnote = {Provided by the SAO/NASA Astrophysics Data System}
}

@ARTICLE{schneider10,
   author = {{Schneider}, D.~P. and {Richards}, G.~T. and {Hall}, P.~B. and
  {Strauss}, M.~A. and {Anderson}, S.~F. and {Boroson}, T.~A. and
  {Ross}, N.~P. and {Shen}, Y. and {Brandt}, W.~N. and {Fan}, X. and
  {Inada}, N. and {Jester}, S. and {Knapp}, G.~R. and {Krawczyk}, C.~M. and
  {Thakar}, A.~R. and {Vanden Berk}, D.~E. and {Voges}, W. and
  {Yanny}, B. and {York}, D.~G. and {Bahcall}, N.~A. and {Bizyaev}, D. and
  {Blanton}, M.~R. and {Brewington}, H. and {Brinkmann}, J. and
  {Eisenstein}, D. and {Frieman}, J.~A. and {Fukugita}, M. and
  {Gray}, J. and {Gunn}, J.~E. and {Hibon}, P. and {Ivezi{\'c}}, {\v Z}. and
  {Kent}, S.~M. and {Kron}, R.~G. and {Lee}, M.~G. and {Lupton}, R.~H. and
  {Malanushenko}, E. and {Malanushenko}, V. and {Oravetz}, D. and
  {Pan}, K. and {Pier}, J.~R. and {Price}, III, T.~N. and {Saxe}, D.~H. and
  {Schlegel}, D.~J. and {Simmons}, A. and {Snedden}, S.~A. and
  {SubbaRao}, M.~U. and {Szalay}, A.~S. and {Weinberg}, D.~H.},
    title = "{The Sloan Digital Sky Survey Quasar Catalog. V. Seventh Data Release}",
  journal = {\aj},
 keywords = {catalogs, quasars: general, surveys},
     year = 2010,
    month = jun,
   volume = 139,
    pages = {2360},
  adsnote = {Provided by the SAO/NASA Astrophysics Data System}
}

@ARTICLE{vestergaard04,
   author = {{Vestergaard}, M.},
    title = "{Early Growth and Efficient Accretion of Massive Black Holes at High Redshift}",
  journal = {\apj},
 keywords = {Black Hole Physics, Galaxies: Active, Galaxies: Fundamental Parameters, Galaxies: High-Redshift, Galaxies: Seyfert, Galaxies: Quasars: Emission Lines},
     year = 2004,
    month = feb,
   volume = 601,
    pages = {676-691},
  adsnote = {Provided by the SAO/NASA Astrophysics Data System}
}

@ARTICLE{vestergaard08,
   author = {{Vestergaard}, M. and {Fan}, X. and {Tremonti}, C.~A. and {Osmer}, P.~S. and 
  {Richards}, G.~T.},
    title = "{Mass Functions of the Active Black Holes in Distant Quasars from the Sloan Digital Sky Survey Data Release 3}",
  journal = {\apjl},
 keywords = {Cosmology: Observations, Galaxies: Active, Galaxies: Luminosity Function, Mass Function, Galaxies: Quasars: Emission Lines, Galaxies: Quasars: General, Surveys},
     year = 2008,
    month = feb,
   volume = 674,
    pages = {L1-L4},
  adsnote = {Provided by the SAO/NASA Astrophysics Data System}
}

@ARTICLE{wang13,
   author = {{Wang}, H. and {Xing}, F. and {Zhang}, K. and {Wang}, T. and 
  {Zhou}, H. and {Zhang}, S.},
    title = "{Outflow and Hot Dust Emission in High-redshift Quasars}",
  journal = {\apjl},
 keywords = {dust, extinction, galaxies: nuclei, infrared: galaxies, quasars: emission lines, quasars: general },
     year = 2013,
    month = oct,
   volume = 776,
    pages = {L15},
  adsnote = {Provided by the SAO/NASA Astrophysics Data System}
}

@ARTICLE{york00,
   author = {{York}, D.~G. and {Adelman}, J. and {Anderson}, Jr., J.~E. and
  {Anderson}, S.~F. and {Annis}, J. and {Bahcall}, N.~A. and {Bakken}, J.~A. and
  {Barkhouser}, R. and {Bastian}, S. and {Berman}, E. and {Boroski}, W.~N. and
  {Bracker}, S. and {Briegel}, C. and {Briggs}, J.~W. and {Brinkmann}, J. and
  {Brunner}, R. and {Burles}, S. and {Carey}, L. and {Carr}, M.~A. and
  {Castander}, F.~J. and {Chen}, B. and {Colestock}, P.~L. and
  {Connolly}, A.~J. and {Crocker}, J.~H. and {Csabai}, I. and
  {Eisenstein}, D. and {Ellman}, N. and {Elms}, B.~R. and {Evans}, M.~L. and
  {Fan}, X. and {Federwitz}, G.~R. and {Fiscelli}, L. and {Friedman}, S. and
  {Frieman}, J.~A. and {Fukugita}, M. and {Gillespie}, B. and
  {Gunn}, J.~E. and {Gurbani}, V.~K. and {de Haas}, E. and {Haldeman}, M. and
  {Harris}, F.~H. and {Hayes}, J. and {Heckman}, T.~M. and {Hennessy}, G.~S. and
  {Hindsley}, R.~B. and {Holm}, S. and {Holmgren}, D.~J. and {Huang}, C.-h. and
  {Hull}, C. and {Husby}, D. and {Ichikawa}, S.-I. and {Ichikawa}, T. and
  {Ivezi{\'c}}, {\v Z}. and {Kent}, S. and {Kim}, R.~S.~J. and
  {Kinney}, E. and {Klaene}, M. and {Kleinman}, A.~N. and {Kleinman}, S. and
  {Knapp}, G.~R. and {Korienek}, J. and {Kron}, R.~G. and {Kunszt}, P.~Z. and
  {Lamb}, D.~Q. and {Lee}, B. and {Leger}, R.~F. and {Limmongkol}, S. and
  {Lindenmeyer}, C. and {Long}, D.~C. and {Loomis}, C. and {Loveday}, J. and
  {Lucinio}, R. and {Lupton}, R.~H. and {MacKinnon}, B. and {Mannery}, E.~J. and
  {Mantsch}, P.~M. and {Margon}, B. and {McGehee}, P. and {McKay}, T.~A. and
  {Meiksin}, A. and {Merelli}, A. and {Monet}, D.~G. and {Munn}, J.~A. and
  {Narayanan}, V.~K. and {Nash}, T. and {Neilsen}, E. and {Neswold}, R. and
  {Newberg}, H.~J. and {Nichol}, R.~C. and {Nicinski}, T. and
  {Nonino}, M. and {Okada}, N. and {Okamura}, S. and {Ostriker}, J.~P. and
  {Owen}, R. and {Pauls}, A.~G. and {Peoples}, J. and {Peterson}, R.~L. and
  {Petravick}, D. and {Pier}, J.~R. and {Pope}, A. and {Pordes}, R. and
  {Prosapio}, A. and {Rechenmacher}, R. and {Quinn}, T.~R. and
  {Richards}, G.~T. and {Richmond}, M.~W. and {Rivetta}, C.~H. and
  {Rockosi}, C.~M. and {Ruthmansdorfer}, K. and {Sandford}, D. and
  {Schlegel}, D.~J. and {Schneider}, D.~P. and {Sekiguchi}, M. and
  {Sergey}, G. and {Shimasaku}, K. and {Siegmund}, W.~A. and {Smee}, S. and
  {Smith}, J.~A. and {Snedden}, S. and {Stone}, R. and {Stoughton}, C. and
  {Strauss}, M.~A. and {Stubbs}, C. and {SubbaRao}, M. and {Szalay}, A.~S. and
  {Szapudi}, I. and {Szokoly}, G.~P. and {Thakar}, A.~R. and {Tremonti}, C. and
  {Tucker}, D.~L. and {Uomoto}, A. and {Vanden Berk}, D. and {Vogeley}, M.~S. and
  {Waddell}, P. and {Wang}, S.-i. and {Watanabe}, M. and {Weinberg}, D.~H. and
  {Yanny}, B. and {Yasuda}, N. and {SDSS Collaboration}},
    title = "{The Sloan Digital Sky Survey: Technical Summary}",
  journal = {\aj},
 keywords = {Cosmology: Observations, Instrumentation: Miscellaneous},
     year = 2000,
    month = sep,
   volume = 120,
    pages = {1579-1587},
  adsnote = {Provided by the SAO/NASA Astrophysics Data System}
}

@ARTICLE{zhang14,
   author = {{Zhang}, S. and {Wang}, H. and {Wang}, T. and {Xing}, F. and 
  {Zhang}, K. and {Zhou}, H. and {Jiang}, P.},
    title = "{Outflow and Hot Dust Emission in Broad Absorption Line Quasars}",
  journal = {\apj},
 keywords = {dust, extinction, galaxies: nuclei, infrared: galaxies, quasars: absorption lines, quasars: general},
     year = 2014,
    month = may,
   volume = 786,
    pages = {42},
   adsurl = {http://adsabs.harvard.edu/abs/2014ApJ...786...42Z},
  adsnote = {Provided by the SAO/NASA Astrophysics Data System}
}

@ARTICLE{bentz09,
   author = {{Bentz}, M.~C. and {Walsh}, J.~L. and {Barth}, A.~J. and {Baliber}, N. and 
  {Bennert}, V.~N. and {Canalizo}, G. and {Filippenko}, A.~V. and 
  {Ganeshalingam}, M. and {Gates}, E.~L. and {Greene}, J.~E. and 
  {Hidas}, M.~G. and {Hiner}, K.~D. and {Lee}, N. and {Li}, W. and 
  {Malkan}, M.~A. and {Minezaki}, T. and {Sakata}, Y. and {Serduke}, F.~J.~D. and 
  {Silverman}, J.~M. and {Steele}, T.~N. and {Stern}, D. and {Street}, R.~A. and 
  {Thornton}, C.~E. and {Treu}, T. and {Wang}, X. and {Woo}, J.-H. and 
  {Yoshii}, Y.},
    title = "{The Lick AGN Monitoring Project: Broad-line Region Radii and Black Hole Masses from Reverberation Mapping of H{$\beta$}}",
  journal = {\apj},
archivePrefix = "arXiv",
   eprint = {0908.0003},
 keywords = {galaxies: active, galaxies: nuclei, galaxies: Seyfert},
     year = 2009,
    month = nov,
   volume = 705,
    pages = {199-217},
      doi = {10.1088/0004-637X/705/1/199},
  adsnote = {Provided by the SAO/NASA Astrophysics Data System}
}

@ARTICLE{collin06,
   author = {{Collin}, S. and {Kawaguchi}, T. and {Peterson}, B.~M. and {Vestergaard}, M.
  },
    title = "{Systematic effects in measurement of black hole masses by emission-line reverberation of active galactic nuclei: Eddington ratio and inclination}",
  journal = {\aap},
   eprint = {astro-ph/0603460},
 keywords = {galaxies: quasars: general, galaxies: nuclei, galaxies: Seyfert},
     year = 2006,
    month = sep,
   volume = 456,
    pages = {75-90},
      doi = {10.1051/0004-6361:20064878},
  adsnote = {Provided by the SAO/NASA Astrophysics Data System}
}

@ARTICLE{greene05,
   author = {{Greene}, J.~E. and {Ho}, L.~C.},
    title = "{Estimating Black Hole Masses in Active Galaxies Using the H{$\alpha$} Emission Line}",
  journal = {\apj},
   eprint = {astro-ph/0508335},
 keywords = {Galaxies: Active, Galaxies: Jets, Galaxies: Nuclei, Galaxies: Seyfert, Galaxies: Quasars: General},
     year = 2005,
    month = sep,
   volume = 630,
    pages = {122-129},
      doi = {10.1086/431897},
  adsnote = {Provided by the SAO/NASA Astrophysics Data System}
}

@ARTICLE{kollmeier06,
   author = {{Kollmeier}, J.~A. and {Onken}, C.~A. and {Kochanek}, C.~S. and 
  {Gould}, A. and {Weinberg}, D.~H. and {Dietrich}, M. and {Cool}, R. and 
  {Dey}, A. and {Eisenstein}, D.~J. and {Jannuzi}, B.~T. and {Le Floc'h}, E. and 
  {Stern}, D.},
    title = "{Black Hole Masses and Eddington Ratios at 0.3 $\lt$ z $\lt$ 4}",
  journal = {\apj},
   eprint = {astro-ph/0508657},
 keywords = {Galaxies: Active, Galaxies: Nuclei, Surveys},
     year = 2006,
    month = sep,
   volume = 648,
    pages = {128-139},
      doi = {10.1086/505646},
  adsnote = {Provided by the SAO/NASA Astrophysics Data System}
}

@ARTICLE{maddox12,
   author = {{Maddox}, N. and {Hewett}, P.~C. and {P{\'e}roux}, C. and {Nestor}, D.~B. and
  {Wisotzki}, L.},
    title = "{The large area KX quasar catalogue - I. Analysis of the photometric redshift selection and the complete quasar catalogue}",
  journal = {\mnras},
archivePrefix = "arXiv",
   eprint = {1206.1434},
 keywords = {surveys, quasars: general, infrared: general },
     year = 2012,
    month = aug,
   volume = 424,
    pages = {2876-2895},
      doi = {10.1111/j.1365-2966.2012.21427.x},
  adsnote = {Provided by the SAO/NASA Astrophysics Data System}
}

@ARTICLE{marziani16,
   author = {{Marziani}, P. and {Mart{\'{\i}}nez Carballo}, M.~A. and {Sulentic}, J.~W. and 
  {Del Olmo}, A. and {Stirpe}, G.~M. and {Dultzin}, D.},
    title = "{The most powerful quasar outflows as revealed by the Civ {$\lambda$}1549 resonance line}",
  journal = {\apss},
archivePrefix = "arXiv",
   eprint = {1512.00381},
 keywords = {Galaxies: active, Quasars: emission lines, Quasars: general},
     year = 2016,
    month = jan,
   volume = 361,
      eid = {29},
    pages = {29},
      doi = {10.1007/s10509-015-2611-1},
   adsurl = {http://adsabs.harvard.edu/abs/2016Ap%26SS.361...29M},
  adsnote = {Provided by the SAO/NASA Astrophysics Data System}
}

@ARTICLE{mclure02,
   author = {{McLure}, R.~J. and {Jarvis}, M.~J.},
    title = "{Measuring the black hole masses of high-redshift quasars}",
  journal = {\mnras},
   eprint = {astro-ph/0204473},
 keywords = {galaxies: active, galaxies: fundamental parameters, galaxies: high-redshift, galaxies: nuclei, quasars: emission lines, quasars: general},
     year = 2002,
    month = nov,
   volume = 337,
    pages = {109-116},
      doi = {10.1046/j.1365-8711.2002.05871.x},
  adsnote = {Provided by the SAO/NASA Astrophysics Data System}
}

@ARTICLE{onken02,
   author = {{Onken}, C.~A. and {Peterson}, B.~M.},
    title = "{The Mass of the Central Black Hole in the Seyfert Galaxy NGC 3783}",
  journal = {\apj},
   eprint = {astro-ph/0202382},
 keywords = {Galaxies: Active, Galaxies: Individual: NGC Number: NGC 3783, Galaxies: Nuclei, Galaxies: Seyfert, Ultraviolet: Galaxies},
     year = 2002,
    month = jun,
   volume = 572,
    pages = {746-752},
      doi = {10.1086/340351},
  adsnote = {Provided by the SAO/NASA Astrophysics Data System}
}

@ARTICLE{rafiee11,
   author = {{Rafiee}, A. and {Hall}, P.~B.},
    title = "{Supermassive Black Hole Mass Estimates Using Sloan Digital Sky Survey Quasar Spectra at 0.7 $\lt$ z $\lt$ 2}",
  journal = {\apjs},
archivePrefix = "arXiv",
   eprint = {1104.1828},
 keywords = {catalogs, methods: data analysis, quasars: emission lines, quasars: general},
     year = 2011,
    month = jun,
   volume = 194,
      eid = {42},
    pages = {42},
      doi = {10.1088/0067-0049/194/2/42},
  adsnote = {Provided by the SAO/NASA Astrophysics Data System}
}

@ARTICLE{shen16b,
   author = {{Shen}, Y. and {Brandt}, W.~N. and {Denney}, K.~D. and {Greene}, J.~E. and 
  {Grier}, C.~J. and {Ho}, L.~C. and {Peterson}, B.~M. and {Petitjean}, P. and 
  {Richards}, G.~T. and {Schneider}, D.~P. and {Tao}, C. and {Trump}, J.~R.
  },
    title = "{The Sloan Digital Sky Survey Reverberation Mapping Project: Velocity Shifts of Quasar Emission Lines}",
  journal = {ArXiv e-prints},
archivePrefix = "arXiv",
   eprint = {1602.03894},
 keywords = {Astrophysics - Astrophysics of Galaxies, Astrophysics - Cosmology and Nongalactic Astrophysics},
     year = 2016,
    month = feb,
   adsurl = {http://adsabs.harvard.edu/abs/2016arXiv160203894S},
  adsnote = {Provided by the SAO/NASA Astrophysics Data System}
}

@ARTICLE{sulentic06,
   author = {{Sulentic}, J.~W. and {Repetto}, P. and {Stirpe}, G.~M. and
  {Marziani}, P. and {Dultzin-Hacyan}, D. and {Calvani}, M.},
    title = "{VLT/ISAAC spectra of the H{$\beta$} region in intermediate-redshift quasars. II. Black hole mass and Eddington ratio}",
  journal = {\aap},
   eprint = {astro-ph/0606309},
 keywords = {galaxies: quasars: emission lines, galaxies: quasars: general, line: profiles, black hole physics},
     year = 2006,
    month = sep,
   volume = 456,
    pages = {929-939},
      doi = {10.1051/0004-6361:20054153},
  adsnote = {Provided by the SAO/NASA Astrophysics Data System}
}

@ARTICLE{sulentic07,
   author = {{Sulentic}, J.~W. and {Bachev}, R. and {Marziani}, P. and {Negrete}, C.~A. and
  {Dultzin}, D.},
    title = "{C IV {$\lambda$}1549 as an Eigenvector 1 Parameter for Active Galactic Nuclei}",
  journal = {\apj},
archivePrefix = "arXiv",
   eprint = {0705.1895},
 keywords = {Line: Profiles, Galaxies: Quasars: Emission Lines, Galaxies: Quasars: General},
     year = 2007,
    month = sep,
   volume = 666,
    pages = {757-777},
      doi = {10.1086/519916},
  adsnote = {Provided by the SAO/NASA Astrophysics Data System}
}

@ARTICLE{trakhtenbrot12,
   author = {{Trakhtenbrot}, B. and {Netzer}, H.},
    title = "{Black hole growth to z = 2 - I. Improved virial methods for measuring M$_{BH}$ and L/L$_{Edd}$}",
  journal = {\mnras},
archivePrefix = "arXiv",
   eprint = {1209.1096},
 keywords = {galaxies: active, galaxies: nuclei, quasars: emission lines - quasars: general},
     year = 2012,
    month = dec,
   volume = 427,
    pages = {3081-3102},
      doi = {10.1111/j.1365-2966.2012.22056.x},
  adsnote = {Provided by the SAO/NASA Astrophysics Data System}
}

@ARTICLE{wang09,
   author = {{Wang}, J.-G. and {Dong}, X.-B. and {Wang}, T.-G. and {Ho}, L.~C. and 
  {Yuan}, W. and {Wang}, H. and {Zhang}, K. and {Zhang}, S. and 
  {Zhou}, H.},
    title = "{Estimating Black Hole Masses in Active Galactic Nuclei Using the Mg II {$\lambda$}2800 Emission Line}",
  journal = {\apj},
archivePrefix = "arXiv",
   eprint = {0910.2848},
 keywords = {black hole physics, galaxies: active, quasars: emission lines, quasars: general},
     year = 2009,
    month = dec,
   volume = 707,
    pages = {1334-1346},
      doi = {10.1088/0004-637X/707/2/1334},
  adsnote = {Provided by the SAO/NASA Astrophysics Data System}
}

@ARTICLE{kollatschny13,
   author = {{Kollatschny}, W. and {Zetzl}, M.},
    title = "{The shape of broad-line profiles in active galactic nuclei}",
  journal = {\aap},
archivePrefix = "arXiv",
   eprint = {1211.3065},
 keywords = {accretion, accretion disks, line: profiles, galaxies: Seyfert, galaxies: active, quasars: emission lines},
     year = 2013,
    month = jan,
   volume = 549,
      eid = {A100},
    pages = {A100},
      doi = {10.1051/0004-6361/201219411},
  adsnote = {Provided by the SAO/NASA Astrophysics Data System}
}

@ARTICLE{allen13,
   author = {{Allen}, J.~T. and {Hewett}, P.~C. and {Richardson}, C.~T. and 
  {Ferland}, G.~J. and {Baldwin}, J.~A.},
    title = "{Classification and analysis of emission-line galaxies using mean field independent component analysis}",
  journal = {\mnras},
archivePrefix = "arXiv",
   eprint = {1301.5930},
 keywords = {methods: data analysis, galaxies: active, galaxies: evolution, galaxies: nuclei, galaxies: star formation, galaxies: statistics},
     year = 2013,
    month = apr,
   volume = 430,
    pages = {3510-3536},
      doi = {10.1093/mnras/stt151},
  adsnote = {Provided by the SAO/NASA Astrophysics Data System}
}

@ARTICLE{bonnet04,
   author = {{Bonnet}, H. and {Abuter}, R. and {Baker}, A. and {Bornemann}, W. and 
  {Brown}, A. and {Castillo}, R. and {Conzelmann}, R. and {Damster}, R. and 
  {Davies}, R. and {Delabre}, B. and {Donaldson}, R. and {Dumas}, C. and 
  {Eisenhauer}, F. and {Elswijk}, E. and {Fedrigo}, E. and {Finger}, G. and 
  {Gemperlein}, H. and {Genzel}, R. and {Gilbert}, A. and {Gillet}, G. and 
  {Goldbrunner}, A. and {Horrobin}, M. and {Ter Horst}, R. and 
  {Huber}, S. and {Hubin}, N. and {Iserlohe}, C. and {Kaufer}, A. and 
  {Kissler-Patig}, M. and {Kragt}, J. and {Kroes}, G. and {Lehnert}, M. and 
  {Lieb}, W. and {Liske}, J. and {Lizon}, J.-L. and {Lutz}, D. and 
  {Modigliani}, A. and {Monnet}, G. and {Nesvadba}, N. and {Patig}, J. and 
  {Pragt}, J. and {Reunanen}, J. and {R{\"o}hrle}, C. and {Rossi}, S. and 
  {Schmutzer}, R. and {Schoenmaker}, T. and {Schreiber}, J. and 
  {Stroebele}, S. and {Szeifert}, T. and {Tacconi}, L. and {Tecza}, M. and 
  {Thatte}, N. and {Tordo}, S. and {van der Werf}, P. and {Weisz}, H.
  },
    title = "{First light of SINFONI at the VLT}",
  journal = {The Messenger},
     year = 2004,
    month = sep,
   volume = 117,
    pages = {17-24},
  adsnote = {Provided by the SAO/NASA Astrophysics Data System}
}

@INPROCEEDINGS{brotherton99,
   author = {{Brotherton}, M.~S. and {Francis}, P.~J.},
    title = "{The Intermediate Line Region and the Baldwin Effect}",
booktitle = {Quasars and Cosmology},
     year = 1999,
   series = {Astronomical Society of the Pacific Conference Series},
   volume = 162,
   eprint = {astro-ph/9811088},
   editor = {{Ferland}, G. and {Baldwin}, J.},
    pages = {395},
  adsnote = {Provided by the SAO/NASA Astrophysics Data System}
}

@ARTICLE{coatman16,
   author = {{Coatman}, L. and {Hewett}, P.~C. and {Banerji}, M. and {Richards}, G.~T.
  },
    title = "{CIV emission-line properties and systematic trends in quasar black hole mass estimates}",
  journal = {\mnras},
archivePrefix = "arXiv",
   eprint = {1606.02726},
     year = 2016,
    month = sep,
   volume = 461,
    pages = {647-665},
      doi = {10.1093/mnras/stw1360},
   adsurl = {http://adsabs.harvard.edu/abs/2016MNRAS.461..647C},
  adsnote = {Provided by the SAO/NASA Astrophysics Data System}
}

@ARTICLE{dallaglio08,
   author = {{Dall'Aglio}, A. and {Wisotzki}, L. and {Worseck}, G.},
    title = "{An unbiased measurement of the UV background and its evolution via the proximity effect in quasar spectra}",
  journal = {\aap},
archivePrefix = "arXiv",
   eprint = {0807.5089},
 keywords = {cosmology: diffuse radiation, galaxies: intergalactic medium, galaxies: quasars: absorption lines},
     year = 2008,
    month = nov,
   volume = 491,
    pages = {465-481},
      doi = {10.1051/0004-6361:200810724},
   adsurl = {http://adsabs.harvard.edu/abs/2008A%26A...491..465D},
  adsnote = {Provided by the SAO/NASA Astrophysics Data System}
}

@INPROCEEDINGS{dekker00,
   author = {{Dekker}, H. and {D'Odorico}, S. and {Kaufer}, A. and {Delabre}, B. and 
  {Kotzlowski}, H.},
    title = "{Design, construction, and performance of UVES, the echelle spectrograph for the UT2 Kueyen Telescope at the ESO Paranal Observatory}",
booktitle = {Optical and IR Telescope Instrumentation and Detectors},
     year = 2000,
   series = {\procspie},
   volume = 4008,
   editor = {{Iye}, M. and {Moorwood}, A.~F.},
    month = aug,
    pages = {534-545},
   adsurl = {http://adsabs.harvard.edu/abs/2000SPIE.4008..534D},
  adsnote = {Provided by the SAO/NASA Astrophysics Data System}
}

@ARTICLE{edge13,
   author = {{Edge}, A. and {Sutherland}, W. and {Kuijken}, K. and {Driver}, S. and 
  {McMahon}, R. and {Eales}, S. and {Emerson}, J.~P.},
    title = "{The VISTA Kilo-degree Infrared Galaxy (VIKING) Survey: Bridging the Gap between Low and High Redshift}",
  journal = {The Messenger},
     year = 2013,
    month = dec,
   volume = 154,
    pages = {32-34},
  adsnote = {Provided by the SAO/NASA Astrophysics Data System}
}

@INPROCEEDINGS{eisenhauer03,
   author = {{Eisenhauer}, F. and {Abuter}, R. and {Bickert}, K. and {Biancat-Marchet}, F. and 
  {Bonnet}, H. and {Brynnel}, J. and {Conzelmann}, R.~D. and {Delabre}, B. and 
  {Donaldson}, R. and {Farinato}, J. and {Fedrigo}, E. and {Genzel}, R. and 
  {Hubin}, N.~N. and {Iserlohe}, C. and {Kasper}, M.~E. and {Kissler-Patig}, M. and 
  {Monnet}, G.~J. and {Roehrle}, C. and {Schreiber}, J. and {Stroebele}, S. and 
  {Tecza}, M. and {Thatte}, N.~A. and {Weisz}, H.},
    title = "{SINFONI - Integral field spectroscopy at 50 milli-arcsecond resolution with the ESO VLT}",
booktitle = {Instrument Design and Performance for Optical/Infrared Ground-based Telescopes},
     year = 2003,
   series = {\procspie},
   volume = 4841,
   eprint = {astro-ph/0306191},
   editor = {{Iye}, M. and {Moorwood}, A.~F.~M.},
    month = mar,
    pages = {1548-1561},
      doi = {10.1117/12.459468},
  adsnote = {Provided by the SAO/NASA Astrophysics Data System}
}

@INPROCEEDINGS{elias06,
   author = {{Elias}, J.~H. and {Joyce}, R.~R. and {Liang}, M. and {Muller}, G.~P. and 
  {Hileman}, E.~A. and {George}, J.~R.},
    title = "{Design of the Gemini near-infrared spectrograph}",
booktitle = {Society of Photo-Optical Instrumentation Engineers (SPIE) Conference Series},
     year = 2006,
   series = {\procspie},
   volume = 6269,
    month = jun,
      eid = {62694C},
    pages = {62694C},
      doi = {10.1117/12.671817},
  adsnote = {Provided by the SAO/NASA Astrophysics Data System}
}

@ARTICLE{font-ribera13,
   author = {{Font-Ribera}, A. and {Arnau}, E. and {Miralda-Escud{\'e}}, J. and 
  {Rollinde}, E. and {Brinkmann}, J. and {Brownstein}, J.~R. and 
  {Lee}, K.-G. and {Myers}, A.~D. and {Palanque-Delabrouille}, N. and 
  {P{\^a}ris}, I. and {Petitjean}, P. and {Rich}, J. and {Ross}, N.~P. and 
  {Schneider}, D.~P. and {White}, M.},
    title = "{The large-scale quasar-Lyman {$\alpha$} forest cross-correlation from BOSS}",
  journal = {\jcap},
archivePrefix = "arXiv",
   eprint = {1303.1937},
     year = 2013,
    month = may,
   volume = 5,
      eid = {018},
    pages = {018},
      doi = {10.1088/1475-7516/2013/05/018},
   adsurl = {http://adsabs.harvard.edu/abs/2013JCAP...05..018F},
  adsnote = {Provided by the SAO/NASA Astrophysics Data System}
}

@ARTICLE{foreman13,
   author = {{Foreman-Mackey}, D. and {Hogg}, D.~W. and {Lang}, D. and {Goodman}, J.
  },
    title = "{emcee: The MCMC Hammer}",
  journal = {\pasp},
archivePrefix = "arXiv",
   eprint = {1202.3665},
 primaryClass = "astro-ph.IM",
     year = 2013,
    month = mar,
   volume = 125,
    pages = {306-312},
      doi = {10.1086/670067},
  adsnote = {Provided by the SAO/NASA Astrophysics Data System}
}

@ARTICLE{hennawi06a,
   author = {{Hennawi}, J.~F. and {Strauss}, M.~A. and {Oguri}, M. and {Inada}, N. and 
  {Richards}, G.~T. and {Pindor}, B. and {Schneider}, D.~P. and 
  {Becker}, R.~H. and {Gregg}, M.~D. and {Hall}, P.~B. and {Johnston}, D.~E. and 
  {Fan}, X. and {Burles}, S. and {Schlegel}, D.~J. and {Gunn}, J.~E. and 
  {Lupton}, R.~H. and {Bahcall}, N.~A. and {Brunner}, R.~J. and 
  {Brinkmann}, J.},
    title = "{Binary Quasars in the Sloan Digital Sky Survey: Evidence for Excess Clustering on Small Scales}",
  journal = {\aj},
   eprint = {astro-ph/0504535},
 keywords = {Cosmology: Observations, Cosmology: Large-Scale Structure of Universe, Galaxies: Quasars: General, Surveys},
     year = 2006,
    month = jan,
   volume = 131,
    pages = {1-23},
      doi = {10.1086/498235},
  adsnote = {Provided by the SAO/NASA Astrophysics Data System}
}

@ARTICLE{hennawi06b,
   author = {{Hennawi}, J.~F. and {Prochaska}, J.~X. and {Burles}, S. and 
  {Strauss}, M.~A. and {Richards}, G.~T. and {Schlegel}, D.~J. and 
  {Fan}, X. and {Schneider}, D.~P. and {Zakamska}, N.~L. and {Oguri}, M. and 
  {Gunn}, J.~E. and {Lupton}, R.~H. and {Brinkmann}, J.},
    title = "{Quasars Probing Quasars. I. Optically Thick Absorbers near Luminous Quasars}",
  journal = {\apj},
   eprint = {astro-ph/0603742},
 keywords = {Cosmology: Observations, Cosmology: Theory, Galaxies: Intergalactic Medium, Galaxies: Quasars: Absorption Lines, Galaxies: Quasars: General, Surveys},
     year = 2006,
    month = nov,
   volume = 651,
    pages = {61-83},
      doi = {10.1086/507069},
  adsnote = {Provided by the SAO/NASA Astrophysics Data System}
}

@ARTICLE{hennawi15,
   author = {{Hennawi}, J.~F. and {Prochaska}, J.~X. and {Cantalupo}, S. and 
  {Arrigoni-Battaia}, F.},
    title = "{Quasar quartet embedded in giant nebula reveals rare massive structure in distant universe}",
  journal = {Science},
archivePrefix = "arXiv",
   eprint = {1505.03786},
     year = 2015,
    month = may,
   volume = 348,
    pages = {779-783},
      doi = {10.1126/science.aaa5397},
  adsnote = {Provided by the SAO/NASA Astrophysics Data System}
}

@ARTICLE{hodapp03,
   author = {{Hodapp}, K.~W. and {Jensen}, J.~B. and {Irwin}, E.~M. and {Yamada}, H. and 
  {Chung}, R. and {Fletcher}, K. and {Robertson}, L. and {Hora}, J.~L. and 
  {Simons}, D.~A. and {Mays}, W. and {Nolan}, R. and {Bec}, M. and 
  {Merrill}, M. and {Fowler}, A.~M.},
    title = "{The Gemini Near-Infrared Imager (NIRI)}",
  journal = {\pasp},
 keywords = {Instrumentation: Detectors, Instrumentation: Miscellaneous},
     year = 2003,
    month = dec,
   volume = 115,
    pages = {1388-1406},
      doi = {10.1086/379669},
   adsurl = {http://adsabs.harvard.edu/abs/2003PASP..115.1388H},
  adsnote = {Provided by the SAO/NASA Astrophysics Data System}
}

@ARTICLE{hogg10,
   author = {{Hogg}, D.~W. and {Bovy}, J. and {Lang}, D.},
    title = "{Data analysis recipes: Fitting a model to data}",
  journal = {ArXiv e-prints},
archivePrefix = "arXiv",
   eprint = {1008.4686},
 primaryClass = "astro-ph.IM",
 keywords = {Astrophysics - Instrumentation and Methods for Astrophysics, Physics - Data Analysis, Statistics and Probability},
     year = 2010,
    month = aug,
  adsnote = {Provided by the SAO/NASA Astrophysics Data System}
}

@ARTICLE{jackson91,
   author = {{Jackson}, N. and {Browne}, I.~W.~A.},
    title = "{Optical Properties of Quasars - Part Two - Emission Line Geometry and Radio Properties}",
  journal = {\mnras},
     year = 1991,
    month = may,
   volume = 250,
    pages = {422},
      doi = {10.1093/mnras/250.2.422},
  adsnote = {Provided by the SAO/NASA Astrophysics Data System}
}

@ARTICLE{kollatschny11,
   author = {{Kollatschny}, W. and {Zetzl}, M.},
    title = "{Broad-line active galactic nuclei rotate faster than narrow-line ones}",
  journal = {\nat},
     year = 2011,
    month = feb,
   volume = 470,
    pages = {366-368},
      doi = {10.1038/nature09761},
  adsnote = {Provided by the SAO/NASA Astrophysics Data System}
}

@ARTICLE{lau15,
   author = {{Lau}, M.~W. and {Prochaska}, J.~X. and {Hennawi}, J.~F.},
    title = "{Quasars Probing Quasars VIII. The Physical Properties of the Cool Circumgalactic medium Surrounding z \~{} 2-3 Massive Galaxies}",
  journal = {ArXiv e-prints},
archivePrefix = "arXiv",
   eprint = {1510.06018},
 keywords = {Astrophysics - Astrophysics of Galaxies},
     year = 2015,
    month = oct,
  adsnote = {Provided by the SAO/NASA Astrophysics Data System}
}

@ARTICLE{lee13,
   author = {{Lee}, K.-G. and {Bailey}, S. and {Bartsch}, L.~E. and {Carithers}, W. and 
  {Dawson}, K.~S. and {Kirkby}, D. and {Lundgren}, B. and {Margala}, D. and 
  {Palanque-Delabrouille}, N. and {Pieri}, M.~M. and {Schlegel}, D.~J. and 
  {Weinberg}, D.~H. and {Y{\`e}che}, C. and {Aubourg}, {\'E}. and 
  {Bautista}, J. and {Bizyaev}, D. and {Blomqvist}, M. and {Bolton}, A.~S. and 
  {Borde}, A. and {Brewington}, H. and {Busca}, N.~G. and {Croft}, R.~A.~C. and 
  {Delubac}, T. and {Ebelke}, G. and {Eisenstein}, D.~J. and {Font-Ribera}, A. and 
  {Ge}, J. and {Hamilton}, J.-C. and {Hennawi}, J.~F. and {Ho}, S. and 
  {Honscheid}, K. and {Le Goff}, J.-M. and {Malanushenko}, E. and 
  {Malanushenko}, V. and {Miralda-Escud{\'e}}, J. and {Myers}, A.~D. and 
  {Noterdaeme}, P. and {Oravetz}, D. and {Pan}, K. and {P{\^a}ris}, I. and 
  {Petitjean}, P. and {Rich}, J. and {Rollinde}, E. and {Ross}, N.~P. and 
  {Rossi}, G. and {Schneider}, D.~P. and {Simmons}, A. and {Snedden}, S. and 
  {Slosar}, A. and {Spergel}, D.~N. and {Suzuki}, N. and {Viel}, M. and 
  {Weaver}, B.~A.},
    title = "{The BOSS Ly{$\alpha$} Forest Sample from SDSS Data Release 9}",
  journal = {\aj},
archivePrefix = "arXiv",
   eprint = {1211.5146},
 keywords = {intergalactic medium, methods: data analysis, quasars: absorption lines, quasars: emission lines},
     year = 2013,
    month = mar,
   volume = 145,
      eid = {69},
    pages = {69},
      doi = {10.1088/0004-6256/145/3/69},
  adsnote = {Provided by the SAO/NASA Astrophysics Data System}
}

@ARTICLE{macleod16,
   author = {{MacLeod}, C.~L. and {Ross}, N.~P. and {Lawrence}, A. and {Goad}, M. and 
  {Horne}, K. and {Burgett}, W. and {Chambers}, K.~C. and {Flewelling}, H. and 
  {Hodapp}, K. and {Kaiser}, N. and {Magnier}, E. and {Wainscoat}, R. and 
  {Waters}, C.},
    title = "{A systematic search for changing-look quasars in SDSS}",
  journal = {\mnras},
archivePrefix = "arXiv",
   eprint = {1509.08393},
 keywords = {accretion, accretion discs, galaxies: active, quasars: emission lines, quasars: general},
     year = 2016,
    month = mar,
   volume = 457,
    pages = {389-404},
      doi = {10.1093/mnras/stv2997},
  adsnote = {Provided by the SAO/NASA Astrophysics Data System}
}

@ARTICLE{macleod10,
   author = {{MacLeod}, C.~L. and {Ivezi{\'c}}, {\v Z}. and {Kochanek}, C.~S. and 
  {Koz{\l}owski}, S. and {Kelly}, B. and {Bullock}, E. and {Kimball}, A. and 
  {Sesar}, B. and {Westman}, D. and {Brooks}, K. and {Gibson}, R. and 
  {Becker}, A.~C. and {de Vries}, W.~H.},
    title = "{Modeling the Time Variability of SDSS Stripe 82 Quasars as a Damped Random Walk}",
  journal = {\apj},
archivePrefix = "arXiv",
   eprint = {1004.0276},
 primaryClass = "astro-ph.CO",
 keywords = {quasars: general},
     year = 2010,
    month = oct,
   volume = 721,
    pages = {1014-1033},
      doi = {10.1088/0004-637X/721/2/1014},
  adsnote = {Provided by the SAO/NASA Astrophysics Data System}
}

@INPROCEEDINGS{manchado98,
   author = {{Manchado}, A. and {Fuentes}, F.~J. and {Prada}, F. and {Ballesteros}, E. and 
  {Barreto}, M. and {Carranza}, J.~M. and {Escudero}, I. and {Fragoso-Lopez}, A.~B. and 
  {Joven-Alvarez}, E. and {Manescau}, A. and {Pi}, M. and {Rodriguez-Ramos}, L.~F. and 
  {Sosa}, N.~A.},
    title = "{LIRIS: a long-slit intermediate-resolution infrared spectrograph for the WHT}",
booktitle = {Infrared Astronomical Instrumentation},
     year = 1998,
   series = {\procspie},
   volume = 3354,
   editor = {{Fowler}, A.~M.},
    month = aug,
    pages = {448-455},
  adsnote = {Provided by the SAO/NASA Astrophysics Data System}
}

@ARTICLE{hennawi10,
   author = {{Hennawi}, J.~F. and {Myers}, A.~D. and {Shen}, Y. and {Strauss}, M.~A. and 
  {Djorgovski}, S.~G. and {Fan}, X. and {Glikman}, E. and {Mahabal}, A. and 
  {Martin}, C.~L. and {Richards}, G.~T. and {Schneider}, D.~P. and 
  {Shankar}, F.},
    title = "{Binary Quasars at High Redshift. I. 24 New Quasar Pairs at z \~{} 3-4}",
  journal = {\apj},
archivePrefix = "arXiv",
   eprint = {0908.3907},
 keywords = {cosmology: observations, large-scale structure of universe, quasars: general, surveys},
     year = 2010,
    month = aug,
   volume = 719,
    pages = {1672-1692},
      doi = {10.1088/0004-637X/719/2/1672},
   adsurl = {http://adsabs.harvard.edu/abs/2010ApJ...719.1672H},
  adsnote = {Provided by the SAO/NASA Astrophysics Data System}
}

@ARTICLE{marziani09,
   author = {{Marziani}, P. and {Sulentic}, J.~W. and {Stirpe}, G.~M. and 
  {Zamfir}, S. and {Calvani}, M.},
    title = "{VLT/ISAAC spectra of the H{$\beta$} region in intermediate-redshift quasars. III. H{$\beta$} broad-line profile analysis and inferences about BLR structure}",
  journal = {\aap},
archivePrefix = "arXiv",
   eprint = {0812.0251},
 keywords = {galaxies: quasars: general, galaxies: quasars: emission lines, black hole physics, line: profiles},
     year = 2009,
    month = feb,
   volume = 495,
    pages = {83-112},
      doi = {10.1051/0004-6361:200810764},
  adsnote = {Provided by the SAO/NASA Astrophysics Data System}
}

@ARTICLE{marziani13,
   author = {{Marziani}, P. and {Sulentic}, J.~W. and {Plauchu-Frayn}, I. and
    {del Olmo}, A.},
    title = "{Is MgII{$\lambda$}2800 a reliable virial broadening estimator for quasars?}",
  journal = {\aap},
archivePrefix = "arXiv",
   eprint = {1305.1096},
 keywords = {line: profiles, black hole physics, quasars: general, quasars: emission lines},
     year = 2013,
    month = jul,
   volume = 555,
      eid = {A89},
    pages = {A89},
      doi = {10.1051/0004-6361/201321374},
  adsnote = {Provided by the SAO/NASA Astrophysics Data System}
}

@ARTICLE{mcmahon13,
   author = {{McMahon}, R.~G. and {Banerji}, M. and {Gonzalez}, E. and {Koposov}, S.~E. and 
  {Bejar}, V.~J. and {Lodieu}, N. and {Rebolo}, R. and {VHS Collaboration}
  },
    title = "{First Scientific Results from the VISTA Hemisphere Survey (VHS)}",
  journal = {The Messenger},
     year = 2013,
    month = dec,
   volume = 154,
    pages = {35-37},
  adsnote = {Provided by the SAO/NASA Astrophysics Data System}
}

@ARTICLE{moorwood98b,
   author = {{Moorwood}, A. and {Cuby}, J.-G. and {Biereichel}, P. and {Brynnel}, J. and 
  {Delabre}, B. and {Devillard}, N. and {van Dijsseldonk}, A. and 
  {Finger}, G. and {Gemperlein}, H. and {Gilmozzi}, R. and {Herlin}, T. and 
  {Huster}, G. and {Knudstrup}, J. and {Lidman}, C. and {Lizon}, J.-L. and 
  {Mehrgan}, H. and {Meyer}, M. and {Nicolini}, G. and {Petr}, M. and 
  {Spyromilio}, J. and {Stegmeier}, J.},
    title = "{ISAAC sees first light at the VLT.}",
  journal = {The Messenger},
 keywords = {Infrared Cameras: VLT},
     year = 1998,
    month = dec,
   volume = 94,
    pages = {7-9},
  adsnote = {Provided by the SAO/NASA Astrophysics Data System}
}

@ARTICLE{moorwood98a,
   author = {{Moorwood}, A. and {Cuby}, J.-G. and {Lidman}, C.},
    title = "{SOFI sees first light at the NTT.}",
  journal = {The Messenger},
 keywords = {New Technology Telescopes: Infrared Imaging, New Technology Telescopes: Infrared Spectrometers},
     year = 1998,
    month = mar,
   volume = 91,
    pages = {9-13},
  adsnote = {Provided by the SAO/NASA Astrophysics Data System}
}

@ARTICLE{netzer15,
   author = {{Netzer}, H.},
    title = "{Revisiting the Unified Model of Active Galactic Nuclei}",
  journal = {\araa},
archivePrefix = "arXiv",
   eprint = {1505.00811},
     year = 2015,
    month = aug,
   volume = 53,
    pages = {365-408},
      doi = {10.1146/annurev-astro-082214-122302},
  adsnote = {Provided by the SAO/NASA Astrophysics Data System}
} 

@ARTICLE{paris12,
   author = {{P{\^a}ris}, I. and {Petitjean}, P. and {Aubourg}, {\'E}. and 
  {Bailey}, S. and {Ross}, N.~P. and {Myers}, A.~D. and {Strauss}, M.~A. and 
  {Anderson}, S.~F. and {Arnau}, E. and {Bautista}, J. and {Bizyaev}, D. and 
  {Bolton}, A.~S. and {Bovy}, J. and {Brandt}, W.~N. and {Brewington}, H. and 
  {Browstein}, J.~R. and {Busca}, N. and {Capellupo}, D. and {Carithers}, W. and 
  {Croft}, R.~A.~C. and {Dawson}, K. and {Delubac}, T. and {Ebelke}, G. and 
  {Eisenstein}, D.~J. and {Engelke}, P. and {Fan}, X. and {Filiz Ak}, N. and 
  {Finley}, H. and {Font-Ribera}, A. and {Ge}, J. and {Gibson}, R.~R. and 
  {Hall}, P.~B. and {Hamann}, F. and {Hennawi}, J.~F. and {Ho}, S. and 
  {Hogg}, D.~W. and {Ivezi{\'c}}, {\v Z}. and {Jiang}, L. and 
  {Kimball}, A.~E. and {Kirkby}, D. and {Kirkpatrick}, J.~A. and 
  {Lee}, K.-G. and {Le Goff}, J.-M. and {Lundgren}, B. and {MacLeod}, C.~L. and 
  {Malanushenko}, E. and {Malanushenko}, V. and {Maraston}, C. and 
  {McGreer}, I.~D. and {McMahon}, R.~G. and {Miralda-Escud{\'e}}, J. and 
  {Muna}, D. and {Noterdaeme}, P. and {Oravetz}, D. and {Palanque-Delabrouille}, N. and 
  {Pan}, K. and {Perez-Fournon}, I. and {Pieri}, M.~M. and {Richards}, G.~T. and 
  {Rollinde}, E. and {Sheldon}, E.~S. and {Schlegel}, D.~J. and 
  {Schneider}, D.~P. and {Slosar}, A. and {Shelden}, A. and {Shen}, Y. and 
  {Simmons}, A. and {Snedden}, S. and {Suzuki}, N. and {Tinker}, J. and 
  {Viel}, M. and {Weaver}, B.~A. and {Weinberg}, D.~H. and {White}, M. and 
  {Wood-Vasey}, W.~M. and {Y{\`e}che}, C.},
    title = "{The Sloan Digital Sky Survey quasar catalog: ninth data release}",
  journal = {\aap},
archivePrefix = "arXiv",
   eprint = {1210.5166},
 keywords = {catalogs, surveys, quasars: general},
     year = 2012,
    month = dec,
   volume = 548,
      eid = {A66},
    pages = {A66},
      doi = {10.1051/0004-6361/201220142},
   adsurl = {http://adsabs.harvard.edu/abs/2012A%26A...548A..66P},
  adsnote = {Provided by the SAO/NASA Astrophysics Data System}
}

@ARTICLE{prochaska09,
   author = {{Prochaska}, J.~X. and {Hennawi}, J.~F.},
    title = "{Quasars Probing Quasars. III. New Clues to Feedback, Quenching, and the Physics of Massive Galaxy Formation}",
  journal = {\apj},
archivePrefix = "arXiv",
   eprint = {0806.0862},
 keywords = {galaxies: formation, intergalactic medium, quasars: absorption lines, quasars: general},
     year = 2009,
    month = jan,
   volume = 690,
    pages = {1558-1584},
      doi = {10.1088/0004-637X/690/2/1558},
  adsnote = {Provided by the SAO/NASA Astrophysics Data System}
}

@ARTICLE{shen16a,
   author = {{Shen}, Y.},
    title = "{Rest-Frame Optical Properties of Luminous 1.5 $\lt$ z $\lt$ 3.5 Quasars: The H$\beta$-[O\,{\sc iii}] Region}",
  journal = {\apj},
archivePrefix = "arXiv",
   eprint = {1512.00005},
     year = 2016,
    month = jan,
   volume = "in press",
      eid = {},
    pages = {},
      doi = {10.1088/0004-6256/141/5/167},
  adsnote = {Provided by the SAO/NASA Astrophysics Data System}
}

@INPROCEEDINGS{simcoe10,
   author = {{Simcoe}, R.~A. and {Burgasser}, A.~J. and {Bochanski}, J.~J. and 
  {Schechter}, P.~L. and {Bernstein}, R.~A. and {Bigelow}, B.~C. and 
  {Pipher}, J.~L. and {Forrest}, W. and {McMurtry}, C. and {Smith}, M.~J. and 
  {Fishner}, J.},
    title = "{The FIRE infrared spectrometer at Magellan: construction and commissioning}",
booktitle = {Ground-based and Airborne Instrumentation for Astronomy III},
     year = 2010,
   series = {\procspie},
   volume = 7735,
    month = jul,
      eid = {773514},
    pages = {773514},
      doi = {10.1117/12.856088},
  adsnote = {Provided by the SAO/NASA Astrophysics Data System}
}

@ARTICLE{skrutskie06,
   author = {{Skrutskie}, M.~F. and {Cutri}, R.~M. and {Stiening}, R. and 
  {Weinberg}, M.~D. and {Schneider}, S. and {Carpenter}, J.~M. and 
  {Beichman}, C. and {Capps}, R. and {Chester}, T. and {Elias}, J. and 
  {Huchra}, J. and {Liebert}, J. and {Lonsdale}, C. and {Monet}, D.~G. and 
  {Price}, S. and {Seitzer}, P. and {Jarrett}, T. and {Kirkpatrick}, J.~D. and 
  {Gizis}, J.~E. and {Howard}, E. and {Evans}, T. and {Fowler}, J. and 
  {Fullmer}, L. and {Hurt}, R. and {Light}, R. and {Kopan}, E.~L. and 
  {Marsh}, K.~A. and {McCallon}, H.~L. and {Tam}, R. and {Van Dyk}, S. and 
  {Wheelock}, S.},
    title = "{The Two Micron All Sky Survey (2MASS)}",
  journal = {\aj},
 keywords = {Catalogs, Infrared: General, Surveys},
     year = 2006,
    month = feb,
   volume = 131,
    pages = {1163-1183},
      doi = {10.1086/498708},
  adsnote = {Provided by the SAO/NASA Astrophysics Data System}
}

@ARTICLE{tytler92,
   author = {{Tytler}, D. and {Fan}, X.-M.},
    title = "{Systematic QSO emission-line velocity shifts and new unbiased redshifts}",
  journal = {\apjs},
 keywords = {Emission Spectra, Frequency Shift, Line Spectra, Quasars, Radial Velocity, Red Shift, Astronomical Catalogs, Radio Galaxies, Seyfert Galaxies},
     year = 1992,
    month = mar,
   volume = 79,
    pages = {1-36},
      doi = {10.1086/191642},
  adsnote = {Provided by the SAO/NASA Astrophysics Data System}
}

@ARTICLE{venemans16,
   author = {{Venemans}, B.~P. and {Walter}, F. and {Zschaechner}, L. and 
  {Decarli}, R. and {De Rosa}, G. and {Findlay}, J.~R. and {McMahon}, R.~G. and 
  {Sutherland}, W.~J.},
    title = "{Bright [C ii] and Dust Emission in Three z $\gt$ 6.6 Quasar Host Galaxies Observed by ALMA}",
  journal = {\apj},
archivePrefix = "arXiv",
   eprint = {1511.07432},
 keywords = {cosmology: observations, galaxies: active, galaxies: high-redshift, galaxies: individual: VIKING J234833.34{\ndash}305410.0, J010953.13304726.3, J030516.92{\ndash}315056.0},
     year = 2016,
    month = jan,
   volume = 816,
      eid = {37},
    pages = {37},
      doi = {10.3847/0004-637X/816/1/37},
  adsnote = {Provided by the SAO/NASA Astrophysics Data System}
}

@ARTICLE{vernet11,
   author = {{Vernet}, J. and {Dekker}, H. and {D'Odorico}, S. and {Kaper}, L. and 
  {Kjaergaard}, P. and {Hammer}, F. and {Randich}, S. and {Zerbi}, F. and 
  {Groot}, P.~J. and {Hjorth}, J. and {Guinouard}, I. and {Navarro}, R. and 
  {Adolfse}, T. and {Albers}, P.~W. and {Amans}, J.-P. and {Andersen}, J.~J. and 
  {Andersen}, M.~I. and {Binetruy}, P. and {Bristow}, P. and {Castillo}, R. and 
  {Chemla}, F. and {Christensen}, L. and {Conconi}, P. and {Conzelmann}, R. and 
  {Dam}, J. and {de Caprio}, V. and {de Ugarte Postigo}, A. and 
  {Delabre}, B. and {di Marcantonio}, P. and {Downing}, M. and 
  {Elswijk}, E. and {Finger}, G. and {Fischer}, G. and {Flores}, H. and 
  {Fran{\c c}ois}, P. and {Goldoni}, P. and {Guglielmi}, L. and 
  {Haigron}, R. and {Hanenburg}, H. and {Hendriks}, I. and {Horrobin}, M. and 
  {Horville}, D. and {Jessen}, N.~C. and {Kerber}, F. and {Kern}, L. and 
  {Kiekebusch}, M. and {Kleszcz}, P. and {Klougart}, J. and {Kragt}, J. and 
  {Larsen}, H.~H. and {Lizon}, J.-L. and {Lucuix}, C. and {Mainieri}, V. and 
  {Manuputy}, R. and {Martayan}, C. and {Mason}, E. and {Mazzoleni}, R. and 
  {Michaelsen}, N. and {Modigliani}, A. and {Moehler}, S. and 
  {M{\o}ller}, P. and {Norup S{\o}rensen}, A. and {N{\o}rregaard}, P. and 
  {P{\'e}roux}, C. and {Patat}, F. and {Pena}, E. and {Pragt}, J. and 
  {Reinero}, C. and {Rigal}, F. and {Riva}, M. and {Roelfsema}, R. and 
  {Royer}, F. and {Sacco}, G. and {Santin}, P. and {Schoenmaker}, T. and 
  {Spano}, P. and {Sweers}, E. and {Ter Horst}, R. and {Tintori}, M. and 
  {Tromp}, N. and {van Dael}, P. and {van der Vliet}, H. and {Venema}, L. and 
  {Vidali}, M. and {Vinther}, J. and {Vola}, P. and {Winters}, R. and 
  {Wistisen}, D. and {Wulterkens}, G. and {Zacchei}, A.},
    title = "{X-shooter, the new wide band intermediate resolution spectrograph at the ESO Very Large Telescope}",
  journal = {\aap},
archivePrefix = "arXiv",
   eprint = {1110.1944},
 primaryClass = "astro-ph.IM",
 keywords = {instrumentation: spectrographs},
     year = 2011,
    month = dec,
   volume = 536,
      eid = {A105},
    pages = {A105},
      doi = {10.1051/0004-6361/201117752},
   adsurl = {http://adsabs.harvard.edu/abs/2011A%26A...536A.105V},
  adsnote = {Provided by the SAO/NASA Astrophysics Data System}
}

@ARTICLE{veron02,
   author = {{V{\'e}ron}, P. and {Gon{\c c}alves}, A.~C. and {V{\'e}ron-Cetty}, M.-P.
  },
    title = "{The ''red shelf'' of the H{$\beta$} line in the Seyfert 1 galaxies RXS J01177+3637 and HS 0328+05.}",
  journal = {\aap},
   eprint = {astro-ph/0201240},
 keywords = {Galaxies: Seyfert, Galaxies: Individual: RXS J01177+3637, HS 0328+05},
     year = 2002,
    month = mar,
   volume = 384,
      doi = {10.1051/0004-6361:20020072},
  adsnote = {Provided by the SAO/NASA Astrophysics Data System}
}

@INPROCEEDINGS{vogt94,
   author = {{Vogt}, S.~S. and {Allen}, S.~L. and {Bigelow}, B.~C. and {Bresee}, L. and 
  {Brown}, B. and {Cantrall}, T. and {Conrad}, A. and {Couture}, M. and 
  {Delaney}, C. and {Epps}, H.~W. and {Hilyard}, D. and {Hilyard}, D.~F. and 
  {Horn}, E. and {Jern}, N. and {Kanto}, D. and {Keane}, M.~J. and 
  {Kibrick}, R.~I. and {Lewis}, J.~W. and {Osborne}, J. and {Pardeilhan}, G.~H. and 
  {Pfister}, T. and {Ricketts}, T. and {Robinson}, L.~B. and {Stover}, R.~J. and 
  {Tucker}, D. and {Ward}, J. and {Wei}, M.~Z.},
    title = "{HIRES: the high-resolution echelle spectrometer on the Keck 10-m Telescope}",
 keywords = {ASTEROSEISMOLOGY,},
booktitle = {Instrumentation in Astronomy VIII},
     year = 1994,
   series = {\procspie},
   volume = 2198,
   editor = {{Crawford}, D.~L. and {Craine}, E.~R.},
    month = jun,
    pages = {362},
  adsnote = {Provided by the SAO/NASA Astrophysics Data System}
}

@ARTICLE{white97,
   author = {{White}, R.~L. and {Becker}, R.~H. and {Helfand}, D.~J. and 
  {Gregg}, M.~D.},
    title = "{A Catalog of 1.4 GHz Radio Sources from the FIRST Survey}",
  journal = {\apj},
 keywords = {Astrometry, Catalogs, Galaxies: Statistics, Galaxies: Quasars: General, Radio Continuum: Galaxies, Surveys},
     year = 1997,
    month = feb,
   volume = 475,
    pages = {479-493},
  adsnote = {Provided by the SAO/NASA Astrophysics Data System}
}

@ARTICLE{williams16,
   author = {{Williams}, R.~J. and {Maiolino}, R. and {Krongold}, Y. and 
  {Carniani}, S. and {Cresci}, G. and {Mannucci}, F. and {Marconi}, A.
  },
    title = "{An ultra-dense fast outflow in a quasar at z=2.4}",
  journal = {ArXiv e-prints},
archivePrefix = "arXiv",
   eprint = {1605.08046},
 keywords = {Astrophysics - Astrophysics of Galaxies},
     year = 2016,
    month = may,
  adsnote = {Provided by the SAO/NASA Astrophysics Data System}
}

@INPROCEEDINGS{wilson04,
   author = {{Wilson}, J.~C. and {Henderson}, C.~P. and {Herter}, T.~L. and 
  {Matthews}, K. and {Skrutskie}, M.~F. and {Adams}, J.~D. and 
  {Moon}, D.-S. and {Smith}, R. and {Gautier}, N. and {Ressler}, M. and 
  {Soifer}, B.~T. and {Lin}, S. and {Howard}, J. and {LaMarr}, J. and 
  {Stolberg}, T.~M. and {Zink}, J.},
    title = "{Mass producing an efficient NIR spectrograph}",
booktitle = {Ground-based Instrumentation for Astronomy},
     year = 2004,
   series = {\procspie},
   volume = 5492,
   editor = {{Moorwood}, A.~F.~M. and {Iye}, M.},
    month = sep,
    pages = {1295-1305},
      doi = {10.1117/12.550925},
  adsnote = {Provided by the SAO/NASA Astrophysics Data System}
}

@ARTICLE{wisotzki00,
   author = {{Wisotzki}, L. and {Christlieb}, N. and {Bade}, N. and {Beckmann}, V. and 
  {K{\"o}hler}, T. and {Vanelle}, C. and {Reimers}, D.},
    title = "{The Hamburg/ESO survey for bright QSOs. III. A large flux-limited sample of QSOs}",
  journal = {\aap},
   eprint = {astro-ph/0004162},
 keywords = {GALAXIES: QUASARS: GENERAL, GALAXIES: PHOTOMETRY, GALAXIES: SEYFERT, COSMOLOGY: OBSERVATIONS, SURVEYS},
     year = 2000,
    month = jun,
   volume = 358,
    pages = {77-87},
  adsnote = {Provided by the SAO/NASA Astrophysics Data System}
}

@ARTICLE{zamfir10,
   author = {{Zamfir}, S. and {Sulentic}, J.~W. and {Marziani}, P. and {Dultzin}, D.
  },
    title = "{Detailed characterization of H{$\beta$} emission line profile in low-z SDSS quasars}",
  journal = {\mnras},
archivePrefix = "arXiv",
   eprint = {0912.4306},
 keywords = {galaxies: active, quasars: emission lines, quasars: general},
     year = 2010,
    month = apr,
   volume = 403,
    pages = {1759-1786},
      doi = {10.1111/j.1365-2966.2009.16236.x},
  adsnote = {Provided by the SAO/NASA Astrophysics Data System}
}

@ARTICLE{alexander12,
   author = {{Alexander}, D.~M. and {Hickox}, R.~C.},
    title = "{What drives the growth of black holes?}",
  journal = {\nar},
archivePrefix = "arXiv",
   eprint = {1112.1949},
     year = 2012,
    month = jun,
   volume = 56,
    pages = {93-121},
      doi = {10.1016/j.newar.2011.11.003},
  adsnote = {Provided by the SAO/NASA Astrophysics Data System}
}

@ARTICLE{baskin05b,
   author = {{Baskin}, A. and {Laor}, A.},
    title = "{What controls the [OIII]{$\lambda$}5007 line strength in active galactic nuclei?}",
  journal = {\mnras},
   eprint = {astro-ph/0501436},
 keywords = {galaxies: active, quasars: emission lines, quasars: general},
     year = 2005,
    month = apr,
   volume = 358,
    pages = {1043-1054},
      doi = {10.1111/j.1365-2966.2005.08841.x},
  adsnote = {Provided by the SAO/NASA Astrophysics Data System}
}

@ARTICLE{brotherton96,
   author = {{Brotherton}, M.~S.},
    title = "{The Profiles of H beta and [O iii] lambda 5007 in Radio-loud Quasars}",
  journal = {\apjs},
   eprint = {astro-ph/9507067},
 keywords = {LINE: PROFILES, METHODS: STATISTICAL, GALAXIES: QUASARS: EMISSION LINES, GALAXIES: QUASARS: GENERAL, RADIO CONTINUUM: GALAXIES},
     year = 1996,
    month = jan,
   volume = 102,
    pages = {1},
      doi = {10.1086/192249},
  adsnote = {Provided by the SAO/NASA Astrophysics Data System}
}

@ARTICLE{brusa15,
   author = {{Brusa}, M. and {Bongiorno}, A. and {Cresci}, G. and {Perna}, M. and 
  {Marconi}, A. and {Mainieri}, V. and {Maiolino}, R. and {Salvato}, M. and 
  {Lusso}, E. and {Santini}, P. and {Comastri}, A. and {Fiore}, F. and 
  {Gilli}, R. and {La Franca}, F. and {Lanzuisi}, G. and {Lutz}, D. and 
  {Merloni}, A. and {Mignoli}, M. and {Onori}, F. and {Piconcelli}, E. and 
  {Rosario}, D. and {Vignali}, C. and {Zamorani}, G.},
    title = "{X-shooter reveals powerful outflows in z$\sim$1.5 X-ray selected obscured quasi-stellar objects}",
  journal = {\mnras},
archivePrefix = "arXiv",
   eprint = {1409.1615},
 keywords = {galaxies: active, galaxies: evolution, quasars: emission lines, quasars: supermassive black holes, cosmology: observations},
     year = 2015,
    month = jan,
   volume = 446,
    pages = {2394-2417},
      doi = {10.1093/mnras/stu2117},
  adsnote = {Provided by the SAO/NASA Astrophysics Data System}
}


@ARTICLE{carniani15,
   author = {{Carniani}, S. and {Marconi}, A. and {Maiolino}, R. and {Balmaverde}, B. and 
  {Brusa}, M. and {Cano-D{\'{\i}}az}, M. and {Cicone}, C. and 
  {Comastri}, A. and {Cresci}, G. and {Fiore}, F. and {Feruglio}, C. and 
  {La Franca}, F. and {Mainieri}, V. and {Mannucci}, F. and {Nagao}, T. and 
  {Netzer}, H. and {Piconcelli}, E. and {Risaliti}, G. and {Schneider}, R. and 
  {Shemmer}, O.},
    title = "{Ionised outflows in z \~{} 2.4 quasar host galaxies}",
  journal = {\aap},
archivePrefix = "arXiv",
   eprint = {1506.03096},
 keywords = {galaxies: active, galaxies: evolution, quasars: emission lines, techniques: imaging spectroscopy},
     year = 2015,
    month = aug,
   volume = 580,
      eid = {A102},
    pages = {A102},
      doi = {10.1051/0004-6361/201526557},
  adsnote = {Provided by the SAO/NASA Astrophysics Data System}
}

@ARTICLE{fabian12,
   author = {{Fabian}, A.~C.},
    title = "{Observational Evidence of Active Galactic Nuclei Feedback}",
  journal = {\araa},
archivePrefix = "arXiv",
   eprint = {1204.4114},
     year = 2012,
    month = sep,
   volume = 50,
    pages = {455-489},
      doi = {10.1146/annurev-astro-081811-125521},
  adsnote = {Provided by the SAO/NASA Astrophysics Data System}
}

@ARTICLE{harrison16,
   author = {{Harrison}, C.~M. and {Alexander}, D.~M. and {Mullaney}, J.~R. and 
  {Stott}, J.~P. and {Swinbank}, A.~M. and {Arumugam}, V. and 
  {Bauer}, F.~E. and {Bower}, R.~G. and {Bunker}, A.~J. and {Sharples}, R.~M.
  },
    title = "{The KMOS AGN Survey at High redshift (KASHz): the prevalence and drivers of ionized outflows in the host galaxies of X-ray AGN}",
  journal = {\mnras},
 keywords = {galaxies: active - galaxies: evolution, galaxies: kinematics and dynamics, quasars: emission lines},
     year = 2016,
    month = feb,
   volume = 456,
    pages = {1195-1220},
      doi = {10.1093/mnras/stv2727},
  adsnote = {Provided by the SAO/NASA Astrophysics Data System}
}

@ARTICLE{heckman14,
   author = {{Heckman}, T.~M. and {Best}, P.~N.},
    title = "{The Coevolution of Galaxies and Supermassive Black Holes: Insights from Surveys of the Contemporary Universe}",
  journal = {\araa},
archivePrefix = "arXiv",
   eprint = {1403.4620},
     year = 2014,
    month = aug,
   volume = 52,
    pages = {589-660},
      doi = {10.1146/annurev-astro-081913-035722},
  adsnote = {Provided by the SAO/NASA Astrophysics Data System}
}

@ARTICLE{kim13,
   author = {{Kim}, M. and {Ho}, L.~C. and {Lonsdale}, C.~J. and {Lacy}, M. and 
  {Blain}, A.~W. and {Kimball}, A.~E.},
    title = "{Evidence for Active Galactic Nucleus Driven Outflows in Young Radio Quasars}",
  journal = {\apjl},
archivePrefix = "arXiv",
   eprint = {1303.7194},
 keywords = {quasars: general},
     year = 2013,
    month = may,
   volume = 768,
      eid = {L9},
    pages = {L9},
      doi = {10.1088/2041-8205/768/1/L9},
  adsnote = {Provided by the SAO/NASA Astrophysics Data System}
}

@ARTICLE{lopez16,
   author = {{Lopez}, S. and {D'Odorico}, V. and {Ellison}, S.~L. and {Becker}, G.~D. and 
  {Christensen}, L. and {Cupani}, G. and {Denney}, K.~D. and {Paris}, I. and 
  {Worseck}, G. and {Berg}, T.~A.~M. and {Cristiani}, S. and {Dessauges-Zavadsky}, M. and 
  {Haehnelt}, M. and {Hamann}, F. and {Hennawi}, J. and {Irsic}, V. and 
  {Kim}, T.-S. and {Lopez}, P. and {Saust}, R.~L. and {Menard}, B. and 
  {Perrotta}, S. and {Prochaska}, J.~X. and {Sanchez-Ramirez}, R. and 
  {Vestergaard}, M. and {Viel}, M. and {Wisotzki}, L.},
    title = "{XQ-100: A legacy survey of one hundred 3.5 $\lt$ z $\lt$ 4.5 quasars observed with VLT/XSHOOTER}",
  journal = {ArXiv e-prints},
archivePrefix = "arXiv",
   eprint = {1607.08776},
 keywords = {Astrophysics - Astrophysics of Galaxies},
     year = 2016,
    month = jul,
  adsnote = {Provided by the SAO/NASA Astrophysics Data System}
}

@ARTICLE{madau14,
   author = {{Madau}, P. and {Dickinson}, M.},
    title = "{Cosmic Star-Formation History}",
  journal = {\araa},
archivePrefix = "arXiv",
   eprint = {1403.0007},
     year = 2014,
    month = aug,
   volume = 52,
    pages = {415-486},
      doi = {10.1146/annurev-astro-081811-125615},
  adsnote = {Provided by the SAO/NASA Astrophysics Data System}
}

@INPROCEEDINGS{mclean98,
   author = {{McLean}, I.~S. and {Becklin}, E.~E. and {Bendiksen}, O. and 
  {Brims}, G. and {Canfield}, J. and {Figer}, D.~F. and {Graham}, J.~R. and 
  {Hare}, J. and {Lacayanga}, F. and {Larkin}, J.~E. and {Larson}, S.~B. and 
  {Levenson}, N. and {Magnone}, N. and {Teplitz}, H. and {Wong}, W.
  },
    title = "{Design and development of NIRSPEC: a near-infrared echelle spectrograph for the Keck II telescope}",
booktitle = {Infrared Astronomical Instrumentation},
     year = 1998,
   series = {\procspie},
   volume = 3354,
   editor = {{Fowler}, A.~M.},
    month = aug,
    pages = {566-578},
   adsurl = {http://adsabs.harvard.edu/abs/1998SPIE.3354..566M},
  adsnote = {Provided by the SAO/NASA Astrophysics Data System}
}

@ARTICLE{mullaney13,
   author = {{Mullaney}, J.~R. and {Alexander}, D.~M. and {Fine}, S. and 
  {Goulding}, A.~D. and {Harrison}, C.~M. and {Hickox}, R.~C.},
    title = "{Narrow-line region gas kinematics of 24 264 optically selected AGN: the radio connection}",
  journal = {\mnras},
archivePrefix = "arXiv",
   eprint = {1305.0263},
 keywords = {catalogues, ISM: kinematics and dynamics, galaxies: active, quasars: emission lines, radio continuum: galaxies},
     year = 2013,
    month = jul,
   volume = 433,
    pages = {622-638},
      doi = {10.1093/mnras/stt751},
  adsnote = {Provided by the SAO/NASA Astrophysics Data System}
}

@ARTICLE{nesvadba08,
   author = {{Nesvadba}, N.~P.~H. and {Lehnert}, M.~D. and {De Breuck}, C. and 
  {Gilbert}, A.~M. and {van Breugel}, W.},
    title = "{Evidence for powerful AGN winds at high redshift: dynamics of galactic outflows in radio galaxies during the ``Quasar Era''}",
  journal = {\aap},
archivePrefix = "arXiv",
   eprint = {0809.5171},
 keywords = {galaxies: high-redshift, galaxies: formation, galaxies: jets, infrared: galaxies, galaxies: kinematics and dynamics},
     year = 2008,
    month = nov,
   volume = 491,
    pages = {407-424},
      doi = {10.1051/0004-6361:200810346},
  adsnote = {Provided by the SAO/NASA Astrophysics Data System}
}

@ARTICLE{netzer04,
   author = {{Netzer}, H. and {Shemmer}, O. and {Maiolino}, R. and {Oliva}, E. and 
  {Croom}, S. and {Corbett}, E. and {di Fabrizio}, L.},
    title = "{Near-Infrared Spectroscopy of High-Redshift Active Galactic Nuclei. II. Disappearing Narrow-Line Regions and the Role of Accretion}",
  journal = {\apj},
   eprint = {astro-ph/0406560},
 keywords = {Galaxies: Active, Galaxies: Nuclei, Galaxies: Seyfert, Galaxies: Starburst, Galaxies: Quasars: Emission Lines},
     year = 2004,
    month = oct,
   volume = 614,
    pages = {558-567},
      doi = {10.1086/423608},
  adsnote = {Provided by the SAO/NASA Astrophysics Data System}
}

@ARTICLE{perna15,
   author = {{Perna}, M. and {Brusa}, M. and {Cresci}, G. and {Comastri}, A. and 
  {Lanzuisi}, G. and {Lusso}, E. and {Marconi}, A. and {Salvato}, M. and 
  {Zamorani}, G. and {Bongiorno}, A. and {Mainieri}, V. and {Maiolino}, R. and 
  {Mignoli}, M.},
    title = "{Galaxy-wide outflows in z \~{} 1.5 luminous obscured quasars revealed through near-IR slit-resolved spectroscopy}",
  journal = {\aap},
archivePrefix = "arXiv",
   eprint = {1410.5468},
 keywords = {Galaxy: evolution, quasars: individual: XID2028, galaxies: active, quasars: emission lines},
     year = 2015,
    month = feb,
   volume = 574,
      eid = {A82},
    pages = {A82},
      doi = {10.1051/0004-6361/201425035},
  adsnote = {Provided by the SAO/NASA Astrophysics Data System}
}

@ARTICLE{reyes08,
   author = {{Reyes}, R. and {Zakamska}, N.~L. and {Strauss}, M.~A. and {Green}, J. and 
  {Krolik}, J.~H. and {Shen}, Y. and {Richards}, G.~T. and {Anderson}, S.~F. and 
  {Schneider}, D.~P.},
    title = "{Space Density of Optically Selected Type 2 Quasars}",
  journal = {\aj},
archivePrefix = "arXiv",
   eprint = {0801.1115},
 keywords = {galaxies: active, quasars: emission lines, quasars: general, surveys},
     year = 2008,
    month = dec,
   volume = 136,
    pages = {2373-2390},
      doi = {10.1088/0004-6256/136/6/2373},
  adsnote = {Provided by the SAO/NASA Astrophysics Data System}
}

@ARTICLE{sulentic04,
   author = {{Sulentic}, J.~W. and {Stirpe}, G.~M. and {Marziani}, P. and 
  {Zamanov}, R. and {Calvani}, M. and {Braito}, V.},
    title = "{VLT/ISAAC spectra of the H{$\beta$} region  in intermediate redshift quasars}",
  journal = {\aap},
   eprint = {astro-ph/0405279},
 keywords = {line: profiles, galaxies: quasars: emission lines},
     year = 2004,
    month = aug,
   volume = 423,
    pages = {121-132},
      doi = {10.1051/0004-6361:20035912},
  adsnote = {Provided by the SAO/NASA Astrophysics Data System}
}

@ARTICLE{yuan16,
   author = {{Yuan}, S. and {Strauss}, M.~A. and {Zakamska}, N.~L.},
    title = "{Spectroscopic identification of type 2 quasars at z $\lt$ 1 in SDSS-III/BOSS}",
  journal = {\mnras},
archivePrefix = "arXiv",
   eprint = {1606.04976},
 keywords = {galaxies: active, quasars: emission lines, quasars: general},
     year = 2016,
    month = oct,
   volume = 462,
    pages = {1603-1615},
      doi = {10.1093/mnras/stw1747},
  adsnote = {Provided by the SAO/NASA Astrophysics Data System}
}

@ARTICLE{zakamska14,
   author = {{Zakamska}, N.~L. and {Greene}, J.~E.},
    title = "{Quasar feedback and the origin of radio emission in radio-quiet quasars}",
  journal = {\mnras},
archivePrefix = "arXiv",
   eprint = {1402.6736},
 keywords = {galaxies: evolution, galaxies: ISM, quasars: emission lines, radio continuum: galaxies},
     year = 2014,
    month = jul,
   volume = 442,
    pages = {784-804},
      doi = {10.1093/mnras/stu842},
  adsnote = {Provided by the SAO/NASA Astrophysics Data System}
}

@ARTICLE{zakamska16,
   author = {{Zakamska}, N.~L. and {Hamann}, F. and {P{\^a}ris}, I. and {Brandt}, W.~N. and 
  {Greene}, J.~E. and {Strauss}, M.~A. and {Villforth}, C. and 
  {Wylezalek}, D. and {Alexandroff}, R.~M. and {Ross}, N.~P.},
    title = "{Discovery of extreme [O III] {$\lambda$}5007 {\AA} outflows in high-redshift red quasars}",
  journal = {\mnras},
archivePrefix = "arXiv",
   eprint = {1512.02642},
 keywords = {galaxies: evolution, quasars: emission lines, quasars: general},
     year = 2016,
    month = jul,
   volume = 459,
    pages = {3144-3160},
      doi = {10.1093/mnras/stw718},
  adsnote = {Provided by the SAO/NASA Astrophysics Data System}
}

@ARTICLE{zamanov02,
   author = {{Zamanov}, R. and {Marziani}, P. and {Sulentic}, J.~W. and {Calvani}, M. and 
  {Dultzin-Hacyan}, D. and {Bachev}, R.},
    title = "{Kinematic Linkage between the Broad- and Narrow-Line-emitting Gas in Active Galactic Nuclei}",
  journal = {\apjl},
   eprint = {astro-ph/0207387},
 keywords = {Galaxies: Active, Galaxies: Quasars: Emission Lines, Galaxies: Quasars: General},
     year = 2002,
    month = sep,
   volume = 576,
    pages = {L9-L13},
      doi = {10.1086/342783},
  adsnote = {Provided by the SAO/NASA Astrophysics Data System}
}
